
@article{Abdesselam:2019lab,
      author         = "Abdesselam, A. and others",
      title          = "{Test of lepton flavor universality in $B \to K
                        \ell^{+}\ell^{-}$ decays}",
      year           = "2019",
      eprint         = "1908.01848",
      archivePrefix  = "arXiv",
      primaryClass   = "hep-ex",
      reportNumber   = "BELLE-CONF-1904",
      SLACcitation   = "%%CITATION = ARXIV:1908.01848;%%"
}


@article{Chou:2019mlv,
      author         = "Chou, P. -C. and others",
      title          = "{Search for $B^0 \to X(3872) \gamma$}",
      collaboration  = "Belle",
      journal        = "Phys. Rev.",
      volume         = "D100",
      year           = "2019",
      number         = "1",
      pages          = "012002",
      doi            = "10.1103/PhysRevD.100.012002",
      eprint         = "1905.11718",
      archivePrefix  = "arXiv",
      primaryClass   = "hep-ex",
      reportNumber   = "BELLE-PREPRINT 2019-08, KEK-PREPRINT 2019-6, Belle
                        Preprint 2019-08, KEK Preprint 2019-6",
      SLACcitation   = "%%CITATION = ARXIV:1905.11718;%%"
}


@article{Adare:2018wgc,
      author         = "Adare, A. and others",
      title          = "{Beam Energy and Centrality Dependence of Direct-Photon
                        Emission from Ultrarelativistic Heavy-Ion Collisions}",
      collaboration  = "PHENIX",
      journal        = "Phys. Rev. Lett.",
      volume         = "123",
      year           = "2019",
      number         = "2",
      pages          = "022301",
      doi            = "10.1103/PhysRevLett.123.022301",
      eprint         = "1805.04084",
      archivePrefix  = "arXiv",
      primaryClass   = "hep-ex",
      SLACcitation   = "%%CITATION = ARXIV:1805.04084;%%"
}


@article{Seidl:2019jei,
      author         = "Seidl, R. and others",
      title          = "{Transverse momentum dependent production cross sections
                        of charged pions, kaons and protons produced in inclusive
                        $e^+e^-$ annihilation at $\sqrt{s}=$ 10.58 GeV}",
      collaboration  = "Belle",
      journal        = "Phys. Rev.",
      volume         = "D99",
      year           = "2019",
      number         = "11",
      pages          = "112006",
      doi            = "10.1103/PhysRevD.99.112006",
      eprint         = "1902.01552",
      archivePrefix  = "arXiv",
      primaryClass   = "hep-ex",
      reportNumber   = "KEK preprint 18-86, Belle preprint 19-02",
      SLACcitation   = "%%CITATION = ARXIV:1902.01552;%%"
}


@article{Jia:2019eav,
      author         = "Jia, S. and others",
      title          = "{Search for $\Omega(2012)\to K\Xi(1530) \to K\pi\Xi$ at
                        Belle}",
      collaboration  = "Belle",
      year           = "2019",
      eprint         = "1906.00194",
      archivePrefix  = "arXiv",
      primaryClass   = "hep-ex",
      reportNumber   = "Belle Preprint # 2019-10, and KEK Preprint #: 2019-8,
                        Belle Preprint-2019-10, KEK Preprint-2019-8",
      SLACcitation   = "%%CITATION = ARXIV:1906.00194;%%"
}


@inproceedings{Abdesselam:2019gth,
      author         = "Abdesselam, A. and others",
      title          = "{Observation of a new structure near 10.75 GeV in the
                        energy dependence of the $e^+e^-\to\Upsilon(nS)\pi^+\pi^-$
                        ($n=1,2,3$) cross sections}",
      booktitle      = "{13th International Workshop on Heavy Quarkonium (QWG
                        2019) Torino, Italy, May 13-17, 2019}",
      collaboration  = "Belle",
      year           = "2019",
      eprint         = "1905.05521",
      archivePrefix  = "arXiv",
      primaryClass   = "hep-ex",
      reportNumber   = "BELLE-CONF-1903",
      SLACcitation   = "%%CITATION = ARXIV:1905.05521;%%"
}


@article{Abdesselam:2019dgh,
      author         = "Abdesselam, A. and others",
      title          = "{Measurement of $\mathcal{R}(D)$ and
                        $\mathcal{R}(D^{\ast})$ with a semileptonic tagging
                        method}",
      collaboration  = "Belle",
      year           = "2019",
      eprint         = "1904.08794",
      archivePrefix  = "arXiv",
      primaryClass   = "hep-ex",
      SLACcitation   = "%%CITATION = ARXIV:1904.08794;%%"
}


@article{Abdesselam:2019wac,
      author         = "Abdesselam, A. and others",
      title          = "{Test of lepton flavor universality in ${B\to
                        K^\ast\ell^+\ell^-}$ decays at Belle}",
      collaboration  = "Belle",
      year           = "2019",
      eprint         = "1904.02440",
      archivePrefix  = "arXiv",
      primaryClass   = "hep-ex",
      reportNumber   = "BELLE-CONF-1901",
      SLACcitation   = "%%CITATION = ARXIV:1904.02440;%%"
}


@article{Adam:2018inb,
      author         = "Adam, Jaroslav and others",
      title          = "{Centrality and transverse momentum dependence of
                        $D^0$-meson production at mid-rapidity in Au+Au collisions
                        at ${\sqrt{s_{\rm NN}} = \rm{200\,GeV}}$}",
      collaboration  = "STAR",
      journal        = "Phys. Rev.",
      volume         = "C99",
      year           = "2019",
      number         = "3",
      pages          = "034908",
      doi            = "10.1103/PhysRevC.99.034908",
      eprint         = "1812.10224",
      archivePrefix  = "arXiv",
      primaryClass   = "nucl-ex",
      SLACcitation   = "%%CITATION = ARXIV:1812.10224;%%"
}


@article{Adam:2018bam,
      author         = "Adam, Jaroslav and others",
      title          = "{Measurement of the longitudinal spin asymmetries for
                        weak boson production in proton-proton collisions at
                        $\sqrt{s}$ = 510 GeV}",
      collaboration  = "STAR",
      journal        = "Phys. Rev.",
      volume         = "D99",
      year           = "2019",
      number         = "5",
      pages          = "051102",
      doi            = "10.1103/PhysRevD.99.051102",
      eprint         = "1812.04817",
      archivePrefix  = "arXiv",
      primaryClass   = "hep-ex",
      SLACcitation   = "%%CITATION = ARXIV:1812.04817;%%"
}


@article{STAR:2018uho,
      author         = "Adam, Jaroslav and others",
      title          = "{The Proton-$\Omega$ correlation function in Au+Au
                        collisions at $\sqrt{s_{NN}}$=200 GeV}",
      collaboration  = "STAR",
      journal        = "Phys. Lett.",
      volume         = "B790",
      year           = "2019",
      pages          = "490-497",
      doi            = "10.1016/j.physletb.2019.01.055",
      eprint         = "1808.02511",
      archivePrefix  = "arXiv",
      primaryClass   = "hep-ex",
      SLACcitation   = "%%CITATION = ARXIV:1808.02511;%%"
}


@article{Adamczyk:2017byf,
      author         = "Adamczyk, L. and others",
      title          = "{Constraining the initial conditions and temperature
                        dependent viscosity with three-particle correlations in
                        Au+Au collisions}",
      collaboration  = "STAR",
      journal        = "Phys. Lett.",
      volume         = "B790",
      year           = "2019",
      pages          = "81-88",
      doi            = "10.1016/j.physletb.2018.10.075",
      eprint         = "1701.06497",
      archivePrefix  = "arXiv",
      primaryClass   = "nucl-ex",
      SLACcitation   = "%%CITATION = ARXIV:1701.06497;%%"
}


@inproceedings{Abdesselam:2019wbt,
      author         = "Abdesselam, A. and others",
      title          = "{Measurement of the $D^{\ast-}$ polarization in the decay
                        $B^0 \to D^{\ast -}\tau^+\nu_{\tau}$}",
      booktitle      = "{10th International Workshop on the CKM Unitarity
                        Triangle (CKM 2018) Heidelberg, Germany, September 17-21,
                        2018}",
      collaboration  = "Belle",
      year           = "2019",
      eprint         = "1903.03102",
      archivePrefix  = "arXiv",
      primaryClass   = "hep-ex",
      reportNumber   = "BELLE-CONF-1805",
      SLACcitation   = "%%CITATION = ARXIV:1903.03102;%%"
}


@article{Sumihama:2018moz,
      author         = "Sumihama, M. and others",
      title          = "{Observation of $\Xi(1620)^0$ and evidence for
                        $\Xi(1690)^0$ in $\Xi_c^+ \rightarrow \Xi^-\pi^+\pi^+$
                        decays}",
      collaboration  = "Belle",
      journal        = "Phys. Rev. Lett.",
      volume         = "122",
      year           = "2019",
      number         = "7",
      pages          = "072501",
      doi            = "10.1103/PhysRevLett.122.072501",
      eprint         = "1810.06181",
      archivePrefix  = "arXiv",
      primaryClass   = "hep-ex",
      SLACcitation   = "%%CITATION = ARXIV:1810.06181;%%"
}


@article{Kaliyar:2018igf,
      author         = "Kaliyar, A. B. and others",
      title          = "{Measurements of branching fraction and direct $CP$
                        asymmetry in $B^{\pm}\to K^{0}_{S}K^{0}_{S}K^{\pm}$ and a
                        search for $B^{\pm}\to K^{0}_{S}K^{0}_{S}\pi^{\pm}$}",
      collaboration  = "Belle",
      journal        = "Phys. Rev.",
      volume         = "D99",
      year           = "2019",
      number         = "3",
      pages          = "031102",
      doi            = "10.1103/PhysRevD.99.031102",
      eprint         = "1812.10221",
      archivePrefix  = "arXiv",
      primaryClass   = "hep-ex",
      SLACcitation   = "%%CITATION = ARXIV:1812.10221;%%"
}


@article{Watanuki:2018xxg,
      author         = "Watanuki, S. and others",
      title          = "{Measurements of isospin asymmetry and difference of
                        direct $CP$ asymmetries in inclusive $B \to X_s \gamma$
                        decays}",
      collaboration  = "Belle",
      journal        = "Phys. Rev.",
      volume         = "D99",
      year           = "2019",
      number         = "3",
      pages          = "032012",
      doi            = "10.1103/PhysRevD.99.032012",
      eprint         = "1807.04236",
      archivePrefix  = "arXiv",
      primaryClass   = "hep-ex",
      reportNumber   = "BELLE-CONF-1801, Belle Preprint 2018-13, KEK Preprint
                        2018-19",
      SLACcitation   = "%%CITATION = ARXIV:1807.04236;%%"
}


@article{Lu:2018qbw,
      author         = "Lu, P. -C. and others",
      title          = "{Observation of $B^{+} \rightarrow p\bar{\Lambda} K^+
                        K^-$ and $B^{+} \rightarrow \bar{p}\Lambda K^+ K^+$}",
      collaboration  = "Belle",
      journal        = "Phys. Rev.",
      volume         = "D99",
      year           = "2019",
      number         = "3",
      pages          = "032003",
      doi            = "10.1103/PhysRevD.99.032003",
      eprint         = "1807.10503",
      archivePrefix  = "arXiv",
      primaryClass   = "hep-ex",
      reportNumber   = "Belle-preprint-2018-15, KEK-Preprint-2018-21",
      SLACcitation   = "%%CITATION = ARXIV:1807.10503;%%"
}


@article{Guan:2018ckx,
      author         = "Guan, Y. and others",
      title          = "{Observation of Transverse $\Lambda/\bar{\Lambda}$
                        Hyperon Polarization in $e^+e^-$ Annihilation at Belle}",
      collaboration  = "Belle",
      journal        = "Phys. Rev. Lett.",
      volume         = "122",
      year           = "2019",
      number         = "4",
      pages          = "042001",
      doi            = "10.1103/PhysRevLett.122.042001",
      eprint         = "1808.05000",
      archivePrefix  = "arXiv",
      primaryClass   = "hep-ex",
      reportNumber   = "Belle Preprint 2018-17; KEK Preprint 2018-23",
      SLACcitation   = "%%CITATION = ARXIV:1808.05000;%%"
}


@article{Yusa:2018hmz,
      author         = "Yusa, Y. and others",
      title          = "{Measurement of time-dependent $CP$ violation in $B^0 \to
                        K^0_S \pi^0 \pi^0$ decays}",
      collaboration  = "Belle",
      journal        = "Phys. Rev.",
      volume         = "D99",
      year           = "2019",
      number         = "1",
      pages          = "011102",
      doi            = "10.1103/PhysRevD.99.011102",
      eprint         = "1810.03336",
      archivePrefix  = "arXiv",
      primaryClass   = "hep-ex",
      SLACcitation   = "%%CITATION = ARXIV:1810.03336;%%"
}


@article{Seong:2018gut,
      author         = "Seong, I. S. and others",
      title          = "{Search for a light $CP$-odd Higgs boson and low-mass
                        dark matter at the Belle experiment}",
      collaboration  = "Belle",
      journal        = "Phys. Rev. Lett.",
      volume         = "122",
      year           = "2019",
      number         = "1",
      pages          = "011801",
      doi            = "10.1103/PhysRevLett.122.011801",
      eprint         = "1809.05222",
      archivePrefix  = "arXiv",
      primaryClass   = "hep-ex",
      reportNumber   = "Belle Preprint 2018-21, KEK Preprint 2018-30",
      SLACcitation   = "%%CITATION = ARXIV:1809.05222;%%"
}


@article{Adam:2018kzl,
      author         = "Adam, Jaroslav and others",
      title          = "{Improved measurement of the longitudinal spin transfer
                        to $\Lambda$ and $\bar \Lambda$ hyperons in polarized
                        proton-proton collisions at $\sqrt s$ = 200 GeV}",
      collaboration  = "STAR",
      journal        = "Phys. Rev.",
      volume         = "D98",
      year           = "2018",
      number         = "11",
      pages          = "112009",
      doi            = "10.1103/PhysRevD.98.112009",
      eprint         = "1808.07634",
      archivePrefix  = "arXiv",
      primaryClass   = "hep-ex",
      SLACcitation   = "%%CITATION = ARXIV:1808.07634;%%"
}


@article{Berger:2018pli,
      author         = "Berger, M. and others",
      title          = "{Measurement of the Decays $\Lambda_c\to \Sigma\pi\pi$ at
                        Belle}",
      collaboration  = "Belle",
      journal        = "Phys. Rev.",
      volume         = "D98",
      year           = "2018",
      number         = "11",
      pages          = "112006",
      doi            = "10.1103/PhysRevD.98.112006",
      eprint         = "1802.03421",
      archivePrefix  = "arXiv",
      primaryClass   = "hep-ex",
      SLACcitation   = "%%CITATION = ARXIV:1802.03421;%%"
}


@article{Fulsom:2018hpf,
      author         = "Fulsom, B. G. and others",
      title          = "{Observation of $\Upsilon(2S)\to\gamma \eta_{b}(1S)$
                        decay}",
      collaboration  = "Belle",
      journal        = "Phys. Rev. Lett.",
      volume         = "121",
      year           = "2018",
      number         = "23",
      pages          = "232001",
      doi            = "10.1103/PhysRevLett.121.232001",
      eprint         = "1807.01201",
      archivePrefix  = "arXiv",
      primaryClass   = "hep-ex",
      reportNumber   = "BELLE-PREPRINT-2018-14, KEK-PREPRINT-2018-20,
                        PNNL-SA-135879",
      SLACcitation   = "%%CITATION = ARXIV:1807.01201;%%"
}


@article{Adam:2018jmp,
      author         = "Adam, Jaroslav and others",
      title          = "{$J/\psi$ production cross section and its dependence on
                        charged-particle multiplicity in $p + p$ collisions at
                        $\sqrt{s}$ = 200 GeV}",
      collaboration  = "STAR",
      journal        = "Phys. Lett.",
      volume         = "B786",
      year           = "2018",
      pages          = "87-93",
      doi            = "10.1016/j.physletb.2018.09.029",
      eprint         = "1805.03745",
      archivePrefix  = "arXiv",
      primaryClass   = "hep-ex",
      SLACcitation   = "%%CITATION = ARXIV:1805.03745;%%"
}


@article{Adam:2018qev,
      author         = "Adam, Jaroslav and others",
      title          = "{Measurements of Dielectron Production in Au$+$Au
                        Collisions at $\sqrt{s_{NN}}$= 27, 39, and 62.4 GeV from
                        the STAR Experiment}",
      collaboration  = "STAR",
      year           = "2018",
      eprint         = "1810.10159",
      archivePrefix  = "arXiv",
      primaryClass   = "nucl-ex",
      SLACcitation   = "%%CITATION = ARXIV:1810.10159;%%"
}


@article{Xu:2018uye,
      author         = "Xu, Q. N. and others",
      title          = "{Measurement of eta_c(1S), eta_c(2S) and non-resonant
                        eta' pi+ pi- production via two-photon collisions}",
      collaboration  = "Belle",
      journal        = "Phys. Rev.",
      volume         = "D98",
      year           = "2018",
      number         = "7",
      pages          = "072001",
      doi            = "10.1103/PhysRevD.98.072001",
      eprint         = "1805.03044",
      archivePrefix  = "arXiv",
      primaryClass   = "hep-ex",
      SLACcitation   = "%%CITATION = ARXIV:1805.03044;%%"
}


@article{Adamczyk:2017wsl,
      author         = "Adamczyk, L. and others",
      title          = "{Collision Energy Dependence of Moments of Net-Kaon
                        Multiplicity Distributions at RHIC}",
      collaboration  = "STAR",
      journal        = "Phys. Lett.",
      volume         = "B785",
      year           = "2018",
      pages          = "551-560",
      doi            = "10.1016/j.physletb.2018.07.066",
      eprint         = "1709.00773",
      archivePrefix  = "arXiv",
      primaryClass   = "nucl-ex",
      SLACcitation   = "%%CITATION = ARXIV:1709.00773;%%"
}


@inproceedings{Vossen:2018nkg,
      author         = "Vossen, Anselm",
      title          = "{Novel experimental probes of QCD in SIDIS and $e^+e^-$
                        annihilation}",
      booktitle      = "{13th Conference on the Intersections of Particle and
                        Nuclear Physics (CIPANP 2018) Palm Springs, California,
                        USA, May 29-June 3, 2018}",
      collaboration  = "CLAS",
      year           = "2018",
      eprint         = "1810.02435",
      archivePrefix  = "arXiv",
      primaryClass   = "hep-ex",
      reportNumber   = "CIPANP2018-Vossen",
      SLACcitation   = "%%CITATION = ARXIV:1810.02435;%%"
}


@article{Adamczyk:2017hdl,
      author         = "Adamczyk, L. and others",
      title          = "{Harmonic decomposition of three-particle azimuthal
                        correlations at energies available at the BNL Relativistic
                        Heavy Ion Collider}",
      collaboration  = "STAR",
      journal        = "Phys. Rev.",
      volume         = "C98",
      year           = "2018",
      number         = "3",
      pages          = "034918",
      doi            = "10.1103/PhysRevC.98.034918",
      eprint         = "1701.06496",
      archivePrefix  = "arXiv",
      primaryClass   = "nucl-ex",
      SLACcitation   = "%%CITATION = ARXIV:1701.06496;%%"
}


@article{Adam:2018tdm,
      author         = "Adam, Jaroslav and others",
      title          = "{Low-$p_T$ $e^{+}e^{-}$ pair production in Au$+$Au
                        collisions at $\sqrt{s_{NN}}$ = 200 GeV and U$+$U
                        collisions at $\sqrt{s_{NN}}$ = 193 GeV at STAR}",
      collaboration  = "STAR",
      journal        = "Phys. Rev. Lett.",
      volume         = "121",
      year           = "2018",
      number         = "13",
      pages          = "132301",
      doi            = "10.1103/PhysRevLett.121.132301",
      eprint         = "1806.02295",
      archivePrefix  = "arXiv",
      primaryClass   = "hep-ex",
      SLACcitation   = "%%CITATION = ARXIV:1806.02295;%%"
}


@article{Star:2018zpt,
      author         = "Adam, J. and others",
      title          = "{Beam energy dependence of rapidity-even dipolar flow in
                        Au+Au collisions}",
      collaboration  = "STAR",
      journal        = "Phys. Lett.",
      volume         = "B784",
      year           = "2018",
      pages          = "26-32",
      doi            = "10.1016/j.physletb.2018.07.013",
      eprint         = "1804.08647",
      archivePrefix  = "arXiv",
      primaryClass   = "nucl-ex",
      SLACcitation   = "%%CITATION = ARXIV:1804.08647;%%"
}


@article{Abdesselam:2018nnh,
      author         = "Abdesselam, A. and others",
      title          = "{Measurement of CKM Matrix Element $|V_{cb}|$ from
                        $\bar{B} \to D^{*+} \ell^{-} \bar{\nu}_\ell$}",
      collaboration  = "Belle",
      year           = "2018",
      eprint         = "1809.03290",
      archivePrefix  = "arXiv",
      primaryClass   = "hep-ex",
      SLACcitation   = "%%CITATION = ARXIV:1809.03290;%%"
}


@article{Kou:2018nap,
      author         = "Altmannshofer, W. and others",
      editor         = "Kou, E. and Urquijo, P.",
      title          = "{The Belle II Physics Book}",
      collaboration  = "Belle-II",
      year           = "2018",
      eprint         = "1808.10567",
      archivePrefix  = "arXiv",
      primaryClass   = "hep-ex",
      reportNumber   = "KEK Preprint 2018-27, BELLE2-PUB-PH-2018-001,
                        FERMILAB-PUB-18-398-T, JLAB-THY-18-2780, INT-PUB-18-047,
                        UWThPh 2018-26",
      SLACcitation   = "%%CITATION = ARXIV:1808.10567;%%"
}


@article{Adam:2018cto,
      author         = "Adam, Jaroslav and others",
      title          = "{Longitudinal Double-Spin Asymmetries for $\pi^{0}$s in
                        the Forward Direction for 510 GeV Polarized $pp$
                        Collisions}",
      collaboration  = "STAR",
      journal        = "Phys. Rev.",
      volume         = "D98",
      year           = "2018",
      number         = "3",
      pages          = "032013",
      doi            = "10.1103/PhysRevD.98.032013",
      eprint         = "1805.09745",
      archivePrefix  = "arXiv",
      primaryClass   = "hep-ex",
      SLACcitation   = "%%CITATION = ARXIV:1805.09745;%%"
}


@article{Adam:2018pns,
      author         = "Adam, Jaroslav and others",
      title          = "{Longitudinal double-spin asymmetries for dijet
                        production at intermediate pseudorapidity in polarized
                        $pp$ collisions at $\sqrt{s}=$ 200 GeV}",
      collaboration  = "STAR",
      journal        = "Phys. Rev.",
      volume         = "D98",
      year           = "2018",
      number         = "3",
      pages          = "032011",
      doi            = "10.1103/PhysRevD.98.032011",
      eprint         = "1805.09742",
      archivePrefix  = "arXiv",
      primaryClass   = "hep-ex",
      SLACcitation   = "%%CITATION = ARXIV:1805.09742;%%"
}


@article{Adare:2018csm,
      author         = "Adare, A. and others",
      title          = "{Cross section and longitudinal single-spin asymmetry
                        $A_L$ for forward $W^{\pm}\rightarrow\mu^{\pm}\nu$
                        production in polarized $p$$+$$p$ collisions at
                        $\sqrt{s}=510$ GeV}",
      collaboration  = "PHENIX",
      journal        = "Phys. Rev.",
      volume         = "D98",
      year           = "2018",
      number         = "3",
      pages          = "032007",
      doi            = "10.1103/PhysRevD.98.032007",
      eprint         = "1804.04181",
      archivePrefix  = "arXiv",
      primaryClass   = "hep-ex",
      SLACcitation   = "%%CITATION = ARXIV:1804.04181;%%"
}


@article{STAR:2018fpo,
      author         = "Adam, J. and others",
      title          = "{Correlation Measurements Between Flow Harmonics in Au+Au
                        Collisions at RHIC}",
      collaboration  = "STAR",
      journal        = "Phys. Lett.",
      volume         = "B783",
      year           = "2018",
      pages          = "459-465",
      doi            = "10.1016/j.physletb.2018.05.076",
      eprint         = "1803.03876",
      archivePrefix  = "arXiv",
      primaryClass   = "nucl-ex",
      SLACcitation   = "%%CITATION = ARXIV:1803.03876;%%"
}


@article{Tamponi:2018cuf,
      author         = "Tamponi, U. and others",
      title          = "{Inclusive study of bottomonium production in association
                        with an $\eta $ meson in $e^+e^-$ annihilations near
                        $\varUpsilon (5S)$}",
      collaboration  = "Belle",
      journal        = "Eur. Phys. J.",
      volume         = "C78",
      year           = "2018",
      number         = "8",
      pages          = "633",
      doi            = "10.1140/epjc/s10052-018-6086-4",
      eprint         = "1803.03225",
      archivePrefix  = "arXiv",
      primaryClass   = "hep-ex",
      reportNumber   = "BELLE-PREPRINT-2018-01, KEK-PREPRINT-2017-60",
      SLACcitation   = "%%CITATION = ARXIV:1803.03225;%%"
}


@article{Yelton:2018mag,
      author         = "Yelton, J. and others",
      title          = "{Observation of an Excited $\Omega^-$ Baryon}",
      collaboration  = "Belle",
      journal        = "Phys. Rev. Lett.",
      volume         = "121",
      year           = "2018",
      number         = "5",
      pages          = "052003",
      doi            = "10.1103/PhysRevLett.121.052003",
      eprint         = "1805.09384",
      archivePrefix  = "arXiv",
      primaryClass   = "hep-ex",
      reportNumber   = "BELLE-PREPRINT-2018-09, KEK-PREPRINT-2018-3, Belle
                        Preprint 2018-09, KEK Preprint 2018-3",
      SLACcitation   = "%%CITATION = ARXIV:1805.09384;%%"
}


@article{Adamczyk:2017ird,
      author         = "Adamczyk, Leszek and others",
      title          = "{Azimuthal anisotropy in Cu$+$Au collisions at
                        $\sqrt{s_{_{NN}}}$ = 200 GeV}",
      collaboration  = "STAR",
      journal        = "Phys. Rev.",
      volume         = "C98",
      year           = "2018",
      number         = "1",
      pages          = "014915",
      doi            = "10.1103/PhysRevC.98.014915",
      eprint         = "1712.01332",
      archivePrefix  = "arXiv",
      primaryClass   = "nucl-ex",
      SLACcitation   = "%%CITATION = ARXIV:1712.01332;%%"
}


@article{Abdesselam:2018rbc,
      author         = "Abdesselam, A. and others",
      title          = "{Study of charmless decays $B^{\pm} \to K^{0}_{S}
                        K^{0}_{S} h^{\pm}$ ($h=K,\pi$) at Belle}",
      collaboration  = "Belle",
      year           = "2018",
      eprint         = "1808.00174",
      archivePrefix  = "arXiv",
      primaryClass   = "hep-ex",
      SLACcitation   = "%%CITATION = ARXIV:1808.00174;%%"
}


@article{Vossen:2018zeg,
      author         = "Vossen, A. and others",
      title          = "{Measurement of the branching fraction of $B \rightarrow
                        D^{(*)}\pi \ell\nu$ at Belle using hadronic tagging in
                        fully reconstructed events}",
      collaboration  = "Belle",
      journal        = "Phys. Rev.",
      volume         = "D98",
      year           = "2018",
      number         = "1",
      pages          = "012005",
      doi            = "10.1103/PhysRevD.98.012005",
      eprint         = "1803.06444",
      archivePrefix  = "arXiv",
      primaryClass   = "hep-ex",
      SLACcitation   = "%%CITATION = ARXIV:1803.06444;%%"
}


@article{Adam:2018ivw,
      author         = "Adam, Jaroslav and others",
      title          = "{Global polarization of $\Lambda$ hyperons in Au+Au
                        collisions at $\sqrt{s_{_{NN}}}$ = 200 GeV}",
      collaboration  = "STAR",
      journal        = "Phys. Rev.",
      volume         = "C98",
      year           = "2018",
      pages          = "014910",
      doi            = "10.1103/PhysRevC.98.014910",
      eprint         = "1805.04400",
      archivePrefix  = "arXiv",
      primaryClass   = "nucl-ex",
      SLACcitation   = "%%CITATION = ARXIV:1805.04400;%%"
}


@article{Adamczyk:2017nof,
      author         = "Adamczyk, L. and others",
      title          = "{Beam Energy Dependence of Jet-Quenching Effects in Au+Au
                        Collisions at $\sqrt{s_{_{ \mathrm{NN}}}}$ = 7.7, 11.5,
                        14.5, 19.6, 27, 39, and 62.4 GeV}",
      collaboration  = "STAR",
      journal        = "Phys. Rev. Lett.",
      volume         = "121",
      year           = "2018",
      number         = "3",
      pages          = "032301",
      doi            = "10.1103/PhysRevLett.121.032301",
      eprint         = "1707.01988",
      archivePrefix  = "arXiv",
      primaryClass   = "nucl-ex",
      SLACcitation   = "%%CITATION = ARXIV:1707.01988;%%"
}


@inproceedings{Abdesselam:2018fin,
      author         = "Abdesselam, A. and others",
      title          = "{Measurements of branching fraction and $CP$ asymmetry of
                        the $\bar{B}^{0}(B^{0})\to K^{0}_{S}K^{\mp}\pi^{\pm}$
                        decay at Belle}",
      booktitle      = "{39th International Conference on High Energy Physics
                        (ICHEP 2018) Seoul, Gangnam-Gu, Korea, Republic of, July
                        4-11, 2018}",
      collaboration  = "Belle",
      year           = "2018",
      eprint         = "1807.06782",
      archivePrefix  = "arXiv",
      primaryClass   = "hep-ex",
      reportNumber   = "BELLE-CONF-1802",
      SLACcitation   = "%%CITATION = ARXIV:1807.06782;%%"
}


@article{Jia:2018yjv,
      author         = "Jia, S. and others",
      title          = "{Search for $\Upsilon(1S,2S) \to Z^{+}_{c}Z^{(\prime)
                        -}_{c}$ and $e^{+}e^{-} \to Z^{+}_{c}Z^{(\prime) -}_{c}$
                        at $\sqrt{s}$ = 10.52, 10.58, and 10.867 GeV}",
      collaboration  = "Belle",
      journal        = "Phys. Rev.",
      volume         = "D97",
      year           = "2018",
      number         = "11",
      pages          = "112004",
      doi            = "10.1103/PhysRevD.97.112004",
      eprint         = "1805.02308",
      archivePrefix  = "arXiv",
      primaryClass   = "hep-ex",
      reportNumber   = "BELLE-PREPRINT-2018-02, KEK-PREPRINT-2017-65,
                        BELLE-PREPRINT-#-2018-02, KEK-PREPRINT-#:-2017-65",
      SLACcitation   = "%%CITATION = ARXIV:1805.02308;%%"
}



%%% contains utf-8, see: http://inspirehep.net/info/faq/general#utf8
%%% add \usepackage[utf8]{inputenc} to your latex preamble

@article{Adare:2017vig,
      author         = "Adare, A. and others",
      title          = "{Lévy-stable two-pion Bose-Einstein correlations in
                        $\sqrt{s_{NN}}=200$ GeV Au$+$Au collisions}",
      collaboration  = "PHENIX",
      journal        = "Phys. Rev.",
      volume         = "C97",
      year           = "2018",
      number         = "6",
      pages          = "064911",
      doi            = "10.1103/PhysRevC.97.064911",
      eprint         = "1709.05649",
      archivePrefix  = "arXiv",
      primaryClass   = "nucl-ex",
      SLACcitation   = "%%CITATION = ARXIV:1709.05649;%%"
}


@article{Adamczyk:2017buv,
      author         = "Adamczyk, L. and others",
      title          = "{Measurement of the $^3_{\Lambda}$H lifetime in Au+Au
                        collisions at the BNL Relativistic Heavy Ion Collider}",
      collaboration  = "STAR",
      journal        = "Phys. Rev.",
      volume         = "C97",
      year           = "2018",
      number         = "5",
      pages          = "054909",
      doi            = "10.1103/PhysRevC.97.054909",
      eprint         = "1710.00436",
      archivePrefix  = "arXiv",
      primaryClass   = "nucl-ex",
      SLACcitation   = "%%CITATION = ARXIV:1710.00436;%%"
}


@article{Nakano:2018lqo,
      author         = "Nakano, H. and others",
      title          = "{Measurement of time-dependent $CP$ asymmetries in
                        $B^{0}\to K_S^0 \eta \gamma$ decays}",
      collaboration  = "Belle",
      journal        = "Phys. Rev.",
      volume         = "D97",
      year           = "2018",
      number         = "9",
      pages          = "092003",
      doi            = "10.1103/PhysRevD.97.092003",
      eprint         = "1803.07774",
      archivePrefix  = "arXiv",
      primaryClass   = "hep-ex",
      reportNumber   = "BELLE-PREPRINT-2018-07, KEK-PREPRINT-2018-1",
      SLACcitation   = "%%CITATION = ARXIV:1803.07774;%%"
}


@article{Adamczyk:2017ynk,
      author         = "Adamczyk, L. and others",
      title          = "{Transverse spin-dependent azimuthal correlations of
                        charged pion pairs measured in p$^\uparrow$+p collisions
                        at $\sqrt{s}$ = 500 GeV}",
      collaboration  = "STAR",
      journal        = "Phys. Lett.",
      volume         = "B780",
      year           = "2018",
      pages          = "332-339",
      doi            = "10.1016/j.physletb.2018.02.069",
      eprint         = "1710.10215",
      archivePrefix  = "arXiv",
      primaryClass   = "hep-ex",
      SLACcitation   = "%%CITATION = ARXIV:1710.10215;%%"
}


@article{Niiyama:2017wpp,
      author         = "Niiyama, M. and others",
      title          = "{Production cross sections of hyperons and charmed
                        baryons from $e^+e^-$ annihilation near $\sqrt{s} =
                        10.52$~GeV}",
      collaboration  = "Belle",
      journal        = "Phys. Rev.",
      volume         = "D97",
      year           = "2018",
      number         = "7",
      pages          = "072005",
      doi            = "10.1103/PhysRevD.97.072005",
      eprint         = "1706.06791",
      archivePrefix  = "arXiv",
      primaryClass   = "hep-ex",
      reportNumber   = "BELLE-PREPRINT-2017-14, KEK-PREPRINT-2017-15",
      SLACcitation   = "%%CITATION = ARXIV:1706.06791;%%"
}


@article{Li:2017uvv,
      author         = "Li, Y. B. and others",
      title          = "{Observation of $\Xi_{c}(2930)^0$ and updated measurement
                        of $B^{-} \to K^{-} \Lambda_{c}^{+} \bar{\Lambda}_{c}^{-}$
                        at Belle}",
      collaboration  = "Belle",
      journal        = "Eur. Phys. J.",
      volume         = "C78",
      year           = "2018",
      number         = "3",
      pages          = "252",
      doi            = "10.1140/epjc/s10052-018-5720-5",
      eprint         = "1712.03612",
      archivePrefix  = "arXiv",
      primaryClass   = "hep-ex",
      reportNumber   = "Belle Preprint # 2017-24; KEK Preprint # 2017-35,
                        BELLE-PREPRINT-#-2017-24, KEK-PREPRINT-#-2017-35",
      SLACcitation   = "%%CITATION = ARXIV:1712.03612;%%"
}


@article{Masuda:2017rhm,
      author         = "Masuda, M. and others",
      title          = "{Study of $K^0_S$ pair production in single-tag
                        two-photon collisions}",
      collaboration  = "Belle",
      journal        = "Phys. Rev.",
      volume         = "D97",
      year           = "2018",
      number         = "5",
      pages          = "052003",
      doi            = "10.1103/PhysRevD.97.052003",
      eprint         = "1712.02145",
      archivePrefix  = "arXiv",
      primaryClass   = "hep-ex",
      SLACcitation   = "%%CITATION = ARXIV:1712.02145;%%"
}


@article{Adamczyk:2017nxg,
      author         = "Adamczyk, Leszek and others",
      title          = "{Beam-Energy Dependence of Directed Flow of $\Lambda$,
                        $\bar{\Lambda}$, $K^\pm$, $K^0_s$ and $\phi$ in Au+Au
                        Collisions}",
      collaboration  = "STAR",
      journal        = "Phys. Rev. Lett.",
      volume         = "120",
      year           = "2018",
      number         = "6",
      pages          = "062301",
      doi            = "10.1103/PhysRevLett.120.062301",
      eprint         = "1708.07132",
      archivePrefix  = "arXiv",
      primaryClass   = "hep-ex",
      SLACcitation   = "%%CITATION = ARXIV:1708.07132;%%"
}


@article{Adamczyk:2017wld,
      author         = "Adamczyk, Leszek and others",
      title          = "{Azimuthal transverse single-spin asymmetries of
                        inclusive jets and charged pions within jets from
                        polarized-proton collisions at $\sqrt{s} = 500$ GeV}",
      collaboration  = "STAR",
      journal        = "Phys. Rev.",
      volume         = "D97",
      year           = "2018",
      number         = "3",
      pages          = "032004",
      doi            = "10.1103/PhysRevD.97.032004",
      eprint         = "1708.07080",
      archivePrefix  = "arXiv",
      primaryClass   = "hep-ex",
      SLACcitation   = "%%CITATION = ARXIV:1708.07080;%%"
}


@article{Yelton:2017uzv,
      author         = "Yelton, J. and others",
      title          = "{Measurement of branching fractions of hadronic decays of
                        the $\Omega_c^0$  baryon}",
      collaboration  = "Belle",
      journal        = "Phys. Rev.",
      volume         = "D97",
      year           = "2018",
      number         = "3",
      pages          = "032001",
      doi            = "10.1103/PhysRevD.97.032001",
      eprint         = "1712.01333",
      archivePrefix  = "arXiv",
      primaryClass   = "hep-ex",
      reportNumber   = "BELLE-PREPRINT-2017-23, KEK-PREPRINT-2017-33",
      SLACcitation   = "%%CITATION = ARXIV:1712.01333;%%"
}


@article{Shimizu:2017dpq,
      author         = "Shimizu, N. and others",
      title          = "{Measurement of the tau Michel parameters $\bar{\eta}$
                        and $\xi\kappa$ in the radiative leptonic decay $\tau^-
                        \rightarrow \ell^- \nu_{\tau} \bar{\nu}_{\ell}\gamma$}",
      collaboration  = "Belle",
      journal        = "PTEP",
      volume         = "2018",
      year           = "2018",
      number         = "2",
      pages          = "023C01",
      doi            = "10.1093/ptep/pty003",
      eprint         = "1709.08833",
      archivePrefix  = "arXiv",
      primaryClass   = "hep-ex",
      SLACcitation   = "%%CITATION = ARXIV:1709.08833;%%"
}


@article{Hirose:2017dxl,
      author         = "Hirose, S. and others",
      title          = "{Measurement of the $\tau$ lepton polarization and
                        $R(D^*)$ in the decay $\bar{B} \rightarrow D^* \tau^-
                        \bar{\nu}_\tau$ with one-prong hadronic $\tau$ decays at
                        Belle}",
      collaboration  = "Belle",
      journal        = "Phys. Rev.",
      volume         = "D97",
      year           = "2018",
      number         = "1",
      pages          = "012004",
      doi            = "10.1103/PhysRevD.97.012004",
      eprint         = "1709.00129",
      archivePrefix  = "arXiv",
      primaryClass   = "hep-ex",
      reportNumber   = "KEK-PREPRINT-2017-26, BELLE-PREPRINT-2017-18",
      SLACcitation   = "%%CITATION = ARXIV:1709.00129;%%"
}


@article{Jia:2017zwj,
      author         = "Jia, S. and others",
      title          = "{Search for light tetraquark states in $\Upsilon(1S)$ and
                        $\Upsilon(2S)$ decays}",
      collaboration  = "Belle",
      journal        = "Phys. Rev.",
      volume         = "D96",
      year           = "2017",
      number         = "11",
      pages          = "112002",
      doi            = "10.1103/PhysRevD.96.112002",
      eprint         = "1711.01690",
      archivePrefix  = "arXiv",
      primaryClass   = "hep-ex",
      reportNumber   = "BELLE-PREPRINT-2017-21, KEK-PREPRINT-2017-30",
      SLACcitation   = "%%CITATION = ARXIV:1711.01690;%%"
}


@article{Grygier:2017tzo,
      author         = "Grygier, J. and others",
      title          = "{Search for $\boldsymbol{B\to h\nu\bar{\nu}}$ decays with
                        semileptonic tagging at Belle}",
      collaboration  = "Belle",
      journal        = "Phys. Rev.",
      volume         = "D96",
      year           = "2017",
      number         = "9",
      pages          = "091101",
      doi            = "10.1103/PhysRevD.97.099902, 10.1103/PhysRevD.96.091101",
      note           = "[Addendum: Phys. Rev.D97,no.9,099902(2018)]",
      eprint         = "1702.03224",
      archivePrefix  = "arXiv",
      primaryClass   = "hep-ex",
      SLACcitation   = "%%CITATION = ARXIV:1702.03224;%%"
}



%%% contains utf-8, see: http://inspirehep.net/info/faq/general#utf8
%%% add \usepackage[utf8]{inputenc} to your latex preamble

@article{Adamczyk:2017vfu,
      author         = "Adamczyk, L. and others",
      title          = "{Coherent diffractive photoproduction of ρ0 mesons on
                        gold nuclei at 200 GeV/nucleon-pair at the Relativistic
                        Heavy Ion Collider}",
      collaboration  = "STAR",
      journal        = "Phys. Rev.",
      volume         = "C96",
      year           = "2017",
      number         = "5",
      pages          = "054904",
      doi            = "10.1103/PhysRevC.96.054904",
      eprint         = "1702.07705",
      archivePrefix  = "arXiv",
      primaryClass   = "nucl-ex",
      SLACcitation   = "%%CITATION = ARXIV:1702.07705;%%"
}


@article{Horiguchi:2017ntw,
      author         = "Horiguchi, T. and others",
      title          = "{Evidence for Isospin Violation and Measurement of $CP$
                        Asymmetries in $B \to K^{\ast}(892) \gamma$}",
      collaboration  = "Belle",
      journal        = "Phys. Rev. Lett.",
      volume         = "119",
      year           = "2017",
      number         = "19",
      pages          = "191802",
      doi            = "10.1103/PhysRevLett.119.191802",
      eprint         = "1707.00394",
      archivePrefix  = "arXiv",
      primaryClass   = "hep-ex",
      reportNumber   = "BELLE-PREPRINT-2017-08, KEK-PREPRINT-2017-4",
      SLACcitation   = "%%CITATION = ARXIV:1707.00394;%%"
}


@article{Dash:2017heu,
      author         = "Dash, N. and others",
      title          = "{Search for $CP$ Violation and Measurement of the
                        Branching Fraction in the Decay $D^{0} \to K^0_S K^0_S$}",
      journal        = "Phys. Rev. Lett.",
      volume         = "119",
      year           = "2017",
      number         = "17",
      pages          = "171801",
      doi            = "10.1103/PhysRevLett.119.171801",
      eprint         = "1705.05966",
      archivePrefix  = "arXiv",
      primaryClass   = "hep-ex",
      reportNumber   = "Belle-Preprint-2017-03, KEK-Preprint-2016-64",
      SLACcitation   = "%%CITATION = ARXIV:1705.05966;%%"
}


@article{Adamczyk:2017iwn,
      author         = "Adamczyk, L. and others",
      title          = "{Bulk Properties of the Medium Produced in Relativistic
                        Heavy-Ion Collisions from the Beam Energy Scan Program}",
      collaboration  = "STAR",
      journal        = "Phys. Rev.",
      volume         = "C96",
      year           = "2017",
      number         = "4",
      pages          = "044904",
      doi            = "10.1103/PhysRevC.96.044904",
      eprint         = "1701.07065",
      archivePrefix  = "arXiv",
      primaryClass   = "nucl-ex",
      SLACcitation   = "%%CITATION = ARXIV:1701.07065;%%"
}


@article{Guido:2017cts,
      author         = "Guido, E. and others",
      title          = "{Study of $\eta$ and dipion transitions in $\Upsilon(4S)$
                        decays to lower bottomonia}",
      collaboration  = "Belle",
      journal        = "Phys. Rev.",
      volume         = "D96",
      year           = "2017",
      number         = "5",
      pages          = "052005",
      doi            = "10.1103/PhysRevD.96.052005",
      eprint         = "1707.04973",
      archivePrefix  = "arXiv",
      primaryClass   = "hep-ex",
      reportNumber   = "BELLE-PREPRINT-2017-16, KEK-PREPRINT-2017-17",
      SLACcitation   = "%%CITATION = ARXIV:1707.04973;%%"
}


@article{Seidl:2017qhp,
      author         = "Seidl, R. and others",
      title          = "{Invariant-mass and fractional-energy dependence of
                        inclusive production of di-hadrons in $e^+e^-$
                        annihilation at $\sqrt{s}=$ 10.58 GeV}",
      collaboration  = "Belle",
      journal        = "Phys. Rev.",
      volume         = "D96",
      year           = "2017",
      number         = "3",
      pages          = "032005",
      doi            = "10.1103/PhysRevD.96.032005",
      eprint         = "1706.08348",
      archivePrefix  = "arXiv",
      primaryClass   = "hep-ex",
      reportNumber   = "BELLE-DRAFT-2017-13, KEK-DRAFT-2017-09",
      SLACcitation   = "%%CITATION = ARXIV:1706.08348;%%"
}


@article{Julius:2017jso,
      author         = "Julius, T. and others",
      title          = "{Measurement of the branching fraction and $CP$ asymmetry
                        in $B^{0} \to \pi^{0}\pi^{0}$ decays, and an improved
                        constraint on $\phi_{2}$}",
      collaboration  = "Belle",
      journal        = "Phys. Rev.",
      volume         = "D96",
      year           = "2017",
      number         = "3",
      pages          = "032007",
      doi            = "10.1103/PhysRevD.96.032007",
      eprint         = "1705.02083",
      archivePrefix  = "arXiv",
      primaryClass   = "hep-ex",
      reportNumber   = "BELLE-PREPRINT-2017-11, KEK-PREPRINT-2017-7",
      SLACcitation   = "%%CITATION = ARXIV:1705.02083;%%"
}


@article{Adamczyk:2017yhe,
      author         = "Adamczyk, L. and others",
      title          = "{Measurements of jet quenching with semi-inclusive
                        hadron+jet distributions in Au+Au collisions at
                        $\sqrt{s_{NN}}$ = 200 GeV}",
      collaboration  = "STAR",
      journal        = "Phys. Rev.",
      volume         = "C96",
      year           = "2017",
      number         = "2",
      pages          = "024905",
      doi            = "10.1103/PhysRevC.96.024905",
      eprint         = "1702.01108",
      archivePrefix  = "arXiv",
      primaryClass   = "nucl-ex",
      SLACcitation   = "%%CITATION = ARXIV:1702.01108;%%"
}


@article{Adamczyk:2016fqm,
      author         = "Adamczyk, L. and others",
      title          = "{Dijet imbalance measurements in $Au+Au$ and $pp$
                        collisions at $\sqrt{s_{NN}} = 200$  GeV at STAR}",
      collaboration  = "STAR",
      journal        = "Phys. Rev. Lett.",
      volume         = "119",
      year           = "2017",
      number         = "6",
      pages          = "062301",
      doi            = "10.1103/PhysRevLett.119.062301",
      eprint         = "1609.03878",
      archivePrefix  = "arXiv",
      primaryClass   = "nucl-ex",
      SLACcitation   = "%%CITATION = ARXIV:1609.03878;%%"
}


@article{Adamczyk:2016srz,
      author         = "Adamczyk, L. and others",
      title          = "{Energy dependence of $J/\psi$ production in Au+Au
                        collisions at $\sqrt{s_{NN}} =$ 39, 62.4 and 200 GeV}",
      collaboration  = "STAR",
      journal        = "Phys. Lett.",
      volume         = "B771",
      year           = "2017",
      pages          = "13-20",
      doi            = "10.1016/j.physletb.2017.04.078",
      eprint         = "1607.07517",
      archivePrefix  = "arXiv",
      primaryClass   = "hep-ex",
      SLACcitation   = "%%CITATION = ARXIV:1607.07517;%%"
}


@article{STAR:2016use,
      author         = "Adamczyk, L. and others",
      title          = "{Direct virtual photon production in Au+Au collisions at
                        $\sqrt{s_{NN}}$ = 200 GeV}",
      collaboration  = "STAR",
      journal        = "Phys. Lett.",
      volume         = "B770",
      year           = "2017",
      pages          = "451-458",
      doi            = "10.1016/j.physletb.2017.04.050",
      eprint         = "1607.01447",
      archivePrefix  = "arXiv",
      primaryClass   = "nucl-ex",
      SLACcitation   = "%%CITATION = ARXIV:1607.01447;%%"
}


@article{Abdesselam:2016fmg,
      author         = "Abdesselam, A. and others",
      title          = "{Measurement of Michel Parameters ($\bar\eta$,
                        $\xi\kappa$) in the radiative leptonic decay of tau at
                        Belle}",
      booktitle      = "{Proceedings, 14th International Workshop on Tau Lepton
                        Physics (TAU 2016): Beijing, China, September 19-23,
                        2016}",
      collaboration  = "Belle",
      journal        = "Nucl. Part. Phys. Proc.",
      volume         = "287-288",
      year           = "2017",
      pages          = "11-14",
      doi            = "10.1016/j.nuclphysbps.2017.03.034",
      eprint         = "1609.08280",
      archivePrefix  = "arXiv",
      primaryClass   = "hep-ex",
      SLACcitation   = "%%CITATION = ARXIV:1609.08280;%%"
}


@article{Chilikin:2017evr,
      author         = "Chilikin, K. and others",
      title          = "{Observation of an alternative $\chi_{c0}(2P)$ candidate
                        in $e^+ e^- \rightarrow J/\psi D \bar{D}$}",
      collaboration  = "Belle",
      journal        = "Phys. Rev.",
      volume         = "D95",
      year           = "2017",
      pages          = "112003",
      doi            = "10.1103/PhysRevD.95.112003",
      eprint         = "1704.01872",
      archivePrefix  = "arXiv",
      primaryClass   = "hep-ex",
      reportNumber   = "BELLE-PREPRINT-2017-07, KEK-PREPRINT-2017-3",
      SLACcitation   = "%%CITATION = ARXIV:1704.01872;%%"
}


@article{Adamczyk:2017xur,
      author         = "Adamczyk, L. and others",
      title          = "{Measurement of $D^0$ Azimuthal Anisotropy at Midrapidity
                        in Au+Au Collisions at $\sqrt{s_{NN}}$=200  GeV}",
      collaboration  = "STAR",
      journal        = "Phys. Rev. Lett.",
      volume         = "118",
      year           = "2017",
      number         = "21",
      pages          = "212301",
      doi            = "10.1103/PhysRevLett.118.212301",
      eprint         = "1701.06060",
      archivePrefix  = "arXiv",
      primaryClass   = "nucl-ex",
      SLACcitation   = "%%CITATION = ARXIV:1701.06060;%%"
}


@article{Hirose:2016wfn,
      author         = "Hirose, S. and others",
      title          = "{Measurement of the $\tau$ lepton polarization and
                        $R(D^*)$ in the decay $\bar{B} \to D^* \tau^-
                        \bar{\nu}_\tau$}",
      collaboration  = "Belle",
      journal        = "Phys. Rev. Lett.",
      volume         = "118",
      year           = "2017",
      number         = "21",
      pages          = "211801",
      doi            = "10.1103/PhysRevLett.118.211801",
      eprint         = "1612.00529",
      archivePrefix  = "arXiv",
      primaryClass   = "hep-ex",
      reportNumber   = "KEK-PREPRINT-2016-53, BELLE-PREPRINT-2016-14",
      SLACcitation   = "%%CITATION = ARXIV:1612.00529;%%"
}


@article{Prasanth:2017beu,
      author         = "Prasanth, K. and others",
      title          = "{First measurement of $\boldsymbol{T}$-odd moments in
                        $\boldsymbol{D^{0} \rightarrow K_{S}^{0} \pi^{+} \pi^{-}
                        \pi^{0}}$ decays}",
      collaboration  = "Belle",
      journal        = "Phys. Rev.",
      volume         = "D95",
      year           = "2017",
      number         = "9",
      pages          = "091101",
      doi            = "10.1103/PhysRevD.95.091101",
      eprint         = "1703.05721",
      archivePrefix  = "arXiv",
      primaryClass   = "hep-ex",
      reportNumber   = "BELLE-PREPRINT-2017-01, KEK-PREPRINT-2016-62",
      SLACcitation   = "%%CITATION = ARXIV:1703.05721;%%"
}


@article{Adamczyk:2016okk,
      author         = "Adamczyk, L. and others",
      title          = "{Measurement of the cross section and longitudinal
                        double-spin asymmetry for di-jet production in polarized
                        $pp$ collisions at $\sqrt{s}$ = 200 GeV}",
      collaboration  = "STAR",
      journal        = "Phys. Rev.",
      volume         = "D95",
      year           = "2017",
      number         = "7",
      pages          = "071103",
      doi            = "10.1103/PhysRevD.95.071103",
      eprint         = "1610.06616",
      archivePrefix  = "arXiv",
      primaryClass   = "hep-ex",
      SLACcitation   = "%%CITATION = ARXIV:1610.06616;%%"
}


@article{Wehle:2016yoi,
      author         = "Wehle, S. and others",
      title          = "{Lepton-Flavor-Dependent Angular Analysis of $B\to K^\ast
                        \ell^+\ell^-$}",
      collaboration  = "Belle",
      journal        = "Phys. Rev. Lett.",
      volume         = "118",
      year           = "2017",
      number         = "11",
      pages          = "111801",
      doi            = "10.1103/PhysRevLett.118.111801",
      eprint         = "1612.05014",
      archivePrefix  = "arXiv",
      primaryClass   = "hep-ex",
      reportNumber   = "BELLE-PREPRINT-2016-15, KEK-PREPRINT-2016-54",
      SLACcitation   = "%%CITATION = ARXIV:1612.05014;%%"
}


@article{Adamczyk:2014yew,
      author         = "Adamczyk, L. and others",
      title          = "{Elliptic flow of electrons from heavy-flavor hadron
                        decays in Au + Au collisions at $\sqrt{s_{\rm NN}} = $
                        200, 62.4, and 39 GeV}",
      collaboration  = "STAR",
      journal        = "Phys. Rev.",
      volume         = "C95",
      year           = "2017",
      number         = "3",
      pages          = "034907",
      doi            = "10.1103/PhysRevC.95.034907",
      eprint         = "1405.6348",
      archivePrefix  = "arXiv",
      primaryClass   = "hep-ex",
      SLACcitation   = "%%CITATION = ARXIV:1405.6348;%%"
}


@article{Abdesselam:2017kjf,
      author         = "Abdesselam, A. and others",
      title          = "{Precise determination of the CKM matrix element $\left|
                        V_{cb}\right|$ with $\bar B^0 \to D^{*\,+} \, \ell^- \,
                        \bar \nu_\ell$ decays with hadronic tagging at Belle}",
      collaboration  = "Belle",
      year           = "2017",
      eprint         = "1702.01521",
      archivePrefix  = "arXiv",
      primaryClass   = "hep-ex",
      reportNumber   = "BELLE-CONF-1612",
      SLACcitation   = "%%CITATION = ARXIV:1702.01521;%%"
}


@inproceedings{Vossen:2017nws,
      author         = "Vossen, Anselm",
      title          = "{Parton Fragmentation Functions}",
      booktitle      = "{Proceedings, Parton Radiation and Fragmentation from LHC
                        to FCC-ee: CERN, Geneva, Switzerland, November 22-23,
                        2016}",
      year           = "2017",
      pages          = "7-14",
      SLACcitation   = "%%CITATION = INSPIRE-1512987;%%"
}


@article{Abdesselam:2016yvr,
      author         = "Abdesselam, A. and others",
      title          = "{Observation of $D^0\to \rho^0\gamma$ and search for $CP$
                        violation in radiative charm decays}",
      collaboration  = "Belle",
      journal        = "Phys. Rev. Lett.",
      volume         = "118",
      year           = "2017",
      number         = "5",
      pages          = "051801",
      doi            = "10.1103/PhysRevLett.118.051801",
      eprint         = "1603.03257",
      archivePrefix  = "arXiv",
      primaryClass   = "hep-ex",
      reportNumber   = "BELLE-CONF-1601, BELLE-PREPRINT-2016-11",
      SLACcitation   = "%%CITATION = ARXIV:1603.03257;%%"
}


@article{STAR:2017ckg,
      author         = "Adamczyk, L. and others",
      title          = "{Global $\Lambda$ hyperon polarization in nuclear
                        collisions: evidence for the most vortical fluid}",
      collaboration  = "STAR",
      journal        = "Nature",
      volume         = "548",
      year           = "2017",
      pages          = "62-65",
      doi            = "10.1038/nature23004",
      eprint         = "1701.06657",
      archivePrefix  = "arXiv",
      primaryClass   = "nucl-ex",
      SLACcitation   = "%%CITATION = ARXIV:1701.06657;%%"
}


@article{Adamczyk:2016eux,
      author         = "Adamczyk, L. and others",
      title          = "{Charge-dependent directed flow in Cu+Au collisions at
                        $\sqrt{s_{_{NN}}}$ = 200 GeV}",
      collaboration  = "STAR",
      journal        = "Phys. Rev. Lett.",
      volume         = "118",
      year           = "2017",
      number         = "1",
      pages          = "012301",
      doi            = "10.1103/PhysRevLett.118.012301",
      eprint         = "1608.04100",
      archivePrefix  = "arXiv",
      primaryClass   = "nucl-ex",
      SLACcitation   = "%%CITATION = ARXIV:1608.04100;%%"
}


@article{Adamczyk:2016dzv,
      author         = "Adamczyk, L. and others",
      title          = "{$\Upsilon$ production in U + U collisions at
                        $\sqrt{{s}_{NN}}=$ 193 GeV measured with the STAR
                        experiment}",
      collaboration  = "STAR",
      journal        = "Phys. Rev.",
      volume         = "C94",
      year           = "2016",
      number         = "6",
      pages          = "064904",
      doi            = "10.1103/PhysRevC.94.064904",
      eprint         = "1608.06487",
      archivePrefix  = "arXiv",
      primaryClass   = "nucl-ex",
      SLACcitation   = "%%CITATION = ARXIV:1608.06487;%%"
}


@article{Adare:2015lcd,
      author         = "Adare, A. and others",
      title          = "{Azimuthally anisotropic emission of low-momentum direct
                        photons in Au$+$Au collisions at $\sqrt{s_{_{NN}}}=200$
                        GeV}",
      collaboration  = "PHENIX",
      journal        = "Phys. Rev.",
      volume         = "C94",
      year           = "2016",
      number         = "6",
      pages          = "064901",
      doi            = "10.1103/PhysRevC.94.064901",
      eprint         = "1509.07758",
      archivePrefix  = "arXiv",
      primaryClass   = "nucl-ex",
      SLACcitation   = "%%CITATION = ARXIV:1509.07758;%%"
}


@article{Metz:2016swz,
      author         = "Metz, Andreas and Vossen, Anselm",
      title          = "{Parton Fragmentation Functions}",
      journal        = "Prog. Part. Nucl. Phys.",
      volume         = "91",
      year           = "2016",
      pages          = "136-202",
      doi            = "10.1016/j.ppnp.2016.08.003",
      eprint         = "1607.02521",
      archivePrefix  = "arXiv",
      primaryClass   = "hep-ex",
      SLACcitation   = "%%CITATION = ARXIV:1607.02521;%%"
}


@article{Abdesselam:2016nym,
      author         = "Abdesselam, A. and others",
      title          = "{Observation of Transverse $\Lambda/\bar{\Lambda}$
                        Hyperon Polarization in $e^+e^-$ Annihilation at Belle}",
      collaboration  = "Belle",
      year           = "2016",
      eprint         = "1611.06648",
      archivePrefix  = "arXiv",
      primaryClass   = "hep-ex",
      SLACcitation   = "%%CITATION = ARXIV:1611.06648;%%"
}


@article{Abdesselam:2015zza,
      author         = "Abdesselam, A. and others",
      title          = "{Energy scan of the $e^+e^- \to h_b(nP)\pi^+\pi^-$
                        $(n=1,2)$ cross sections and evidence for
                        $\Upsilon(11020)$ decays into charged bottomonium-like
                        states}",
      collaboration  = "Belle",
      journal        = "Phys. Rev. Lett.",
      volume         = "117",
      year           = "2016",
      number         = "14",
      pages          = "142001",
      doi            = "10.1103/PhysRevLett.117.142001",
      eprint         = "1508.06562",
      archivePrefix  = "arXiv",
      primaryClass   = "hep-ex",
      reportNumber   = "BELLE-CONF-1503",
      SLACcitation   = "%%CITATION = ARXIV:1508.06562;%%"
}


@article{Abdesselam:2016tbc,
      author         = "Abdesselam, A. and others",
      title          = "{Study of Two-Body $e^+e^- \to B_s^{(*)}\bar{B}_s^{(*)}$
                        Production in the Energy Range from 10.77 to 11.02 GeV}",
      year           = "2016",
      eprint         = "1609.08749",
      archivePrefix  = "arXiv",
      primaryClass   = "hep-ex",
      SLACcitation   = "%%CITATION = ARXIV:1609.08749;%%"
}


@article{Adamczyk:2016gfs,
      author         = "Adamczyk, L. and others",
      title          = "{Measurement of elliptic flow of light nuclei at
                        $\sqrt{s_{NN}}=$ 200, 62.4, 39, 27, 19.6, 11.5, and 7.7
                        GeV at the BNL Relativistic Heavy Ion Collider}",
      collaboration  = "STAR",
      journal        = "Phys. Rev.",
      volume         = "C94",
      year           = "2016",
      number         = "3",
      pages          = "034908",
      doi            = "10.1103/PhysRevC.94.034908",
      eprint         = "1601.07052",
      archivePrefix  = "arXiv",
      primaryClass   = "nucl-ex",
      SLACcitation   = "%%CITATION = ARXIV:1601.07052;%%"
}


@article{Abdesselam:2016gqq,
      author         = "Abdesselam, A. and others",
      title          = "{Measurement of $CP$ asymmetry in the $D^{0} \to K^0_S
                        K^0_S$ decay at Belle}",
      year           = "2016",
      eprint         = "1609.06393",
      archivePrefix  = "arXiv",
      primaryClass   = "hep-ex",
      reportNumber   = "BELLE-CONF-1609",
      SLACcitation   = "%%CITATION = ARXIV:1609.06393;%%"
}


@article{Abdesselam:2016tpr,
      author         = "Abdesselam, A. and others",
      title          = "{Evidence for the decay $B^{0}\to \eta \eta$}",
      year           = "2016",
      eprint         = "1609.03267",
      archivePrefix  = "arXiv",
      primaryClass   = "hep-ex",
      reportNumber   = "BELLE-CONF-1607",
      SLACcitation   = "%%CITATION = ARXIV:1609.03267;%%"
}


@article{STAR:2016jdz,
      author         = "Adamczyk, L. and others",
      title          = "{Jet-like Correlations with Direct-Photon and
                        Neutral-Pion Triggers at $\sqrt{s_{_{NN}}} = 200$ GeV}",
      collaboration  = "STAR",
      journal        = "Phys. Lett.",
      volume         = "B760",
      year           = "2016",
      pages          = "689-696",
      doi            = "10.1016/j.physletb.2016.07.046",
      eprint         = "1604.01117",
      archivePrefix  = "arXiv",
      primaryClass   = "nucl-ex",
      SLACcitation   = "%%CITATION = ARXIV:1604.01117;%%"
}


@article{Abdesselam:2016xqt,
      author         = "Abdesselam, A. and others",
      title          = "{Measurement of the $\tau$ lepton polarization in the
                        decay ${\bar B} \rightarrow D^* \tau^- {\bar
                        \nu_{\tau}}$}",
      year           = "2016",
      eprint         = "1608.06391",
      archivePrefix  = "arXiv",
      primaryClass   = "hep-ex",
      reportNumber   = "BELLE-CONF-1608",
      SLACcitation   = "%%CITATION = ARXIV:1608.06391;%%"
}


@article{Adamczyk:2015yga,
      author         = "Adamczyk, L. and others",
      title          = "{Beam-energy dependence of charge balance functions from
                        Au + Au collisions at energies available at the BNL
                        Relativistic Heavy Ion Collider}",
      collaboration  = "STAR",
      journal        = "Phys. Rev.",
      volume         = "C94",
      year           = "2016",
      number         = "2",
      pages          = "024909",
      doi            = "10.1103/PhysRevC.94.024909",
      eprint         = "1507.03539",
      archivePrefix  = "arXiv",
      primaryClass   = "nucl-ex",
      SLACcitation   = "%%CITATION = ARXIV:1507.03539;%%"
}


@inproceedings{Belle:2016ufb,
      author         = "Abdesselam, A. and others",
      title          = "{Measurement of the inclusive $B\to X_{s+d} \gamma$
                        branching fraction, photon energy spectrum and HQE
                        parameters}",
      booktitle      = "{Proceedings, 38th International Conference on High
                        Energy Physics (ICHEP 2016): Chicago, IL, USA, August
                        3-10, 2016}",
      collaboration  = "Belle",
      year           = "2016",
      eprint         = "1608.02344",
      archivePrefix  = "arXiv",
      primaryClass   = "hep-ex",
      SLACcitation   = "%%CITATION = ARXIV:1608.02344;%%"
}


@article{Abelev:2016dqe,
      author         = "Abelev, B. and others",
      title          = "{Near-side azimuthal and pseudorapidity correlations
                        using neutral strange baryons and mesons in d+Au, Cu+Cu
                        and Au+Au collisions at $\sqrt{s_{NN}}$ = 200 GeV}",
      collaboration  = "STAR",
      journal        = "Phys. Rev.",
      volume         = "C94",
      year           = "2016",
      number         = "1",
      pages          = "014910",
      doi            = "10.1103/PhysRevC.94.014910",
      eprint         = "1603.05477",
      archivePrefix  = "arXiv",
      primaryClass   = "nucl-ex",
      SLACcitation   = "%%CITATION = ARXIV:1603.05477;%%"
}


@article{Yang:2015ytm,
      author         = "Yang, S. B. and others",
      title          = "{First Observation of Doubly Cabibbo-Suppressed Decay of
                        a Charmed Baryon: $\Lambda^{+}_{c} \rightarrow p K^{+}
                        \pi^{-}$}",
      collaboration  = "Belle",
      journal        = "Phys. Rev. Lett.",
      volume         = "117",
      year           = "2016",
      number         = "1",
      pages          = "011801",
      doi            = "10.1103/PhysRevLett.117.011801",
      eprint         = "1512.07366",
      archivePrefix  = "arXiv",
      primaryClass   = "hep-ex",
      reportNumber   = "BELLE-PREPRINT-2015-22, KEK-PREPRINT-2015-62,
                        BELLE-2015-22, KEK-2015-62",
      SLACcitation   = "%%CITATION = ARXIV:1512.07366;%%"
}


@article{Adamczyk:2016dhc,
      author         = "Adamczyk, L. and others",
      title          = "{$\rm{J}/\psi$ production at low transverse momentum in
                        p+p and d+Au collisions at $\sqrt{s_{NN}}$ = 200 GeV}",
      collaboration  = "STAR",
      journal        = "Phys. Rev.",
      volume         = "C93",
      year           = "2016",
      number         = "6",
      pages          = "064904",
      doi            = "10.1103/PhysRevC.93.064904",
      eprint         = "1602.02212",
      archivePrefix  = "arXiv",
      primaryClass   = "nucl-ex",
      SLACcitation   = "%%CITATION = ARXIV:1602.02212;%%"
}


@article{Abdesselam:2016xbr,
      author         = "Abdesselam, A. and others",
      title          = "{Study of $\chi_{bJ}(1P)$ Properties in the Radiative
                        $\Upsilon(2S)$ Decays}",
      collaboration  = "Belle",
      year           = "2016",
      eprint         = "1606.01276",
      archivePrefix  = "arXiv",
      primaryClass   = "hep-ex",
      reportNumber   = "BELLE-CONF-1604, UCHEP-16-02,
                        UNIVERSITY-OF-CINCINNATI-PREPRINT-UCHEP-16-02",
      SLACcitation   = "%%CITATION = ARXIV:1606.01276;%%"
}


@article{Pal:2015ghq,
      author         = "Pal, B. and others",
      title          = "{Observation of the decay $B_s^0\rightarrow
                        K^0\overline{K}^0$}",
      collaboration  = "Belle",
      journal        = "Phys. Rev. Lett.",
      volume         = "116",
      year           = "2016",
      number         = "16",
      pages          = "161801",
      doi            = "10.1103/PhysRevLett.116.161801",
      eprint         = "1512.02145",
      archivePrefix  = "arXiv",
      primaryClass   = "hep-ex",
      reportNumber   = "BELLE-PREPRINT-2015-19, KEK-PREPRINT-2015-53,
                        UNIVERSITY-OF --CINCINNATI-PREPRINT-UCHEP-15-07",
      SLACcitation   = "%%CITATION = ARXIV:1512.02145;%%"
}


@inproceedings{Abdesselam:2016llu,
      author         = "Abdesselam, A. and others",
      title          = "{Angular analysis of $B^0 \to K^\ast(892)^0 \ell^+
                        \ell^-$}",
      booktitle      = "{Proceedings, LHCSki 2016 - A First Discussion of 13 TeV
                        Results: Obergurgl, Austria, April 10-15, 2016}",
      collaboration  = "Belle",
      year           = "2016",
      eprint         = "1604.04042",
      archivePrefix  = "arXiv",
      primaryClass   = "hep-ex",
      reportNumber   = "BELLE-CONF-1603",
      SLACcitation   = "%%CITATION = ARXIV:1604.04042;%%"
}


@article{Adamczyk:2015gyk,
      author         = "Adamczyk, L. and others",
      title          = "{Measurement of the transverse single-spin asymmetry in
                        $p^\uparrow+p \to W^{\pm}/Z^0$ at RHIC}",
      collaboration  = "STAR",
      journal        = "Phys. Rev. Lett.",
      volume         = "116",
      year           = "2016",
      number         = "13",
      pages          = "132301",
      doi            = "10.1103/PhysRevLett.116.132301",
      eprint         = "1511.06003",
      archivePrefix  = "arXiv",
      primaryClass   = "nucl-ex",
      SLACcitation   = "%%CITATION = ARXIV:1511.06003;%%"
}


@article{Negishi:2015vqa,
      author         = "Negishi, K. and others",
      title          = "{First model-independent Dalitz analysis of $B^0 \to
                        DK^{*0}$, $D\to K_S^0\pi^+\pi^-$ decay}",
      collaboration  = "Belle",
      journal        = "PTEP",
      volume         = "2016",
      year           = "2016",
      number         = "4",
      pages          = "043C01",
      doi            = "10.1093/ptep/ptw030",
      eprint         = "1509.01098",
      archivePrefix  = "arXiv",
      primaryClass   = "hep-ex",
      SLACcitation   = "%%CITATION = ARXIV:1509.01098;%%"
}


@inproceedings{Abdesselam:2016cgx,
      author         = "Abdesselam, A. and others",
      title          = "{Measurement of the branching ratio of $\bar{B}^0
                        \rightarrow D^{*+} \tau^- \bar{\nu}_{\tau}$ relative to
                        $\bar{B}^0 \rightarrow D^{*+} \ell^- \bar{\nu}_{\ell}$
                        decays with a semileptonic tagging method}",
      booktitle      = "{Proceedings, 51st Rencontres de Moriond on Electroweak
                        Interactions and Unified Theories: La Thuile, Italy, March
                        12-19, 2016}",
      collaboration  = "Belle",
      year           = "2016",
      eprint         = "1603.06711",
      archivePrefix  = "arXiv",
      primaryClass   = "hep-ex",
      reportNumber   = "BELLE-CONF-1602",
      SLACcitation   = "%%CITATION = ARXIV:1603.06711;%%"
}


@article{Adamczyk:2016exq,
      author         = "Adamczyk, L. and others",
      title          = "{Beam Energy Dependence of the Third Harmonic of
                        Azimuthal Correlations in Au+Au Collisions at RHIC}",
      collaboration  = "STAR",
      journal        = "Phys. Rev. Lett.",
      volume         = "116",
      year           = "2016",
      number         = "11",
      pages          = "112302",
      doi            = "10.1103/PhysRevLett.116.112302",
      eprint         = "1601.01999",
      archivePrefix  = "arXiv",
      primaryClass   = "nucl-ex",
      SLACcitation   = "%%CITATION = ARXIV:1601.01999;%%"
}


@article{Nisar:2015gvd,
      author         = "Nisar, N. K. and others",
      title          = "{Search for the rare decay $D^0\to\gamma\gamma$ at
                        Belle}",
      collaboration  = "Belle",
      journal        = "Phys. Rev.",
      volume         = "D93",
      year           = "2016",
      number         = "5",
      pages          = "051102",
      doi            = "10.1103/PhysRevD.93.051102",
      eprint         = "1512.02992",
      archivePrefix  = "arXiv",
      primaryClass   = "hep-ex",
      SLACcitation   = "%%CITATION = ARXIV:1512.02992;%%"
}


@article{Vanhoefer:2015ijw,
      author         = "Vanhoefer, P. and others",
      title          = "{Study of $\mathbf{B^{0}\rightarrow\rho^{+}\rho^{-}}$
                        decays and implications for the CKM angle
                        $\mathbf{\phi_2}$}",
      collaboration  = "Belle",
      journal        = "Phys. Rev.",
      volume         = "D93",
      year           = "2016",
      number         = "3",
      pages          = "032010",
      doi            = "10.1103/PhysRevD.94.099903, 10.1103/PhysRevD.93.032010",
      note           = "[Addendum: Phys. Rev.D94,no.9,099903(2016)]",
      eprint         = "1510.01245",
      archivePrefix  = "arXiv",
      primaryClass   = "hep-ex",
      SLACcitation   = "%%CITATION = ARXIV:1510.01245;%%"
}


@article{Glattauer:2015teq,
      author         = "Glattauer, R. and others",
      title          = "{Measurement of the decay $B\to D\ell\nu_\ell$ in fully
                        reconstructed events and determination of the
                        Cabibbo-Kobayashi-Maskawa matrix element $|V_{cb}|$}",
      collaboration  = "Belle",
      journal        = "Phys. Rev.",
      volume         = "D93",
      year           = "2016",
      number         = "3",
      pages          = "032006",
      doi            = "10.1103/PhysRevD.93.032006",
      eprint         = "1510.03657",
      archivePrefix  = "arXiv",
      primaryClass   = "hep-ex",
      reportNumber   = "BELLE-PREPRINT-2015-16, KEK-PREPRINT-2015-43",
      SLACcitation   = "%%CITATION = ARXIV:1510.03657;%%"
}


@article{Adamczyk:2015lvo,
      author         = "Adamczyk, L. and others",
      title          = "{Probing parton dynamics of QCD matter with $\Omega$ and
                        $\phi$ production}",
      collaboration  = "STAR",
      journal        = "Phys. Rev.",
      volume         = "C93",
      year           = "2016",
      number         = "2",
      pages          = "021903",
      doi            = "10.1103/PhysRevC.93.021903",
      eprint         = "1506.07605",
      archivePrefix  = "arXiv",
      primaryClass   = "nucl-ex",
      SLACcitation   = "%%CITATION = ARXIV:1506.07605;%%"
}


@article{Adare:2015cua,
      author         = "Adare, A. and others",
      title          = "{Scaling properties of fractional momentum loss of
                        high-$p_T$ hadrons in nucleus-nucleus collisions at
                        $\sqrt{s_{_{NN}}}$ from 62.4 GeV to 2.76 TeV}",
      collaboration  = "PHENIX",
      journal        = "Phys. Rev.",
      volume         = "C93",
      year           = "2016",
      number         = "2",
      pages          = "024911",
      doi            = "10.1103/PhysRevC.93.024911",
      eprint         = "1509.06735",
      archivePrefix  = "arXiv",
      primaryClass   = "nucl-ex",
      SLACcitation   = "%%CITATION = ARXIV:1509.06735;%%"
}


@article{Hamer:2015jsa,
      author         = "Hamer, P. and others",
      title          = "{Search for $B^0 \to \pi^- \tau^+ \nu_\tau$ with hadronic
                        tagging at Belle}",
      collaboration  = "Belle",
      journal        = "Phys. Rev.",
      volume         = "D93",
      year           = "2016",
      number         = "3",
      pages          = "032007",
      doi            = "10.1103/PhysRevD.93.032007",
      eprint         = "1509.06521",
      archivePrefix  = "arXiv",
      primaryClass   = "hep-ex",
      reportNumber   = "KEK-PREPRINT-2015-23",
      SLACcitation   = "%%CITATION = ARXIV:1509.06521;%%"
}


@article{Masuda:2015yoh,
      author         = "Masuda, M. and others",
      title          = "{Study of $\pi^0$ pair production in single-tag
                        two-photon collisions}",
      collaboration  = "Belle",
      journal        = "Phys. Rev.",
      volume         = "D93",
      year           = "2016",
      number         = "3",
      pages          = "032003",
      doi            = "10.1103/PhysRevD.93.032003",
      eprint         = "1508.06757",
      archivePrefix  = "arXiv",
      primaryClass   = "hep-ex",
      reportNumber   = "BELLE-PREPRINT-2015-15, KEK-PREPRINT-2015-24",
      SLACcitation   = "%%CITATION = ARXIV:1508.06757;%%"
}


@article{Aschenauer:2016our,
      author         = "Aschenauer, Elke-Caroline and others",
      title          = "{The RHIC Cold QCD Plan for 2017 to 2023: A Portal to the
                        EIC}",
      year           = "2016",
      eprint         = "1602.03922",
      archivePrefix  = "arXiv",
      primaryClass   = "nucl-ex",
      SLACcitation   = "%%CITATION = ARXIV:1602.03922;%%"
}


@article{Adamczyk:2015ukd,
      author         = "Adamczyk, L. and others",
      title          = "{Centrality and transverse momentum dependence of
                        elliptic flow of multistrange hadrons and $\phi$ meson in
                        Au+Au collisions at $\sqrt{s_{NN}}$ = 200 GeV}",
      collaboration  = "STAR",
      journal        = "Phys. Rev. Lett.",
      volume         = "116",
      year           = "2016",
      number         = "6",
      pages          = "062301",
      doi            = "10.1103/PhysRevLett.116.062301",
      eprint         = "1507.05247",
      archivePrefix  = "arXiv",
      primaryClass   = "nucl-ex",
      SLACcitation   = "%%CITATION = ARXIV:1507.05247;%%"
}


@article{Adare:2015ema,
      author         = "Adare, A. and others",
      title          = "{$\phi$ meson production in the forward/backward rapidity
                        region in Cu$+$Au collisions at $\sqrt{s_{NN}}=200$ GeV}",
      collaboration  = "PHENIX",
      journal        = "Phys. Rev.",
      volume         = "C93",
      year           = "2016",
      number         = "2",
      pages          = "024904",
      doi            = "10.1103/PhysRevC.93.024904",
      eprint         = "1509.06337",
      archivePrefix  = "arXiv",
      primaryClass   = "nucl-ex",
      SLACcitation   = "%%CITATION = ARXIV:1509.06337;%%"
}


@article{Adare:2015bua,
      author         = "Adare, A. and others",
      title          = "{Transverse energy production and charged-particle
                        multiplicity at midrapidity in various systems from
                        $\sqrt{s_{NN}}=7.7$ to 200 GeV}",
      collaboration  = "PHENIX",
      journal        = "Phys. Rev.",
      volume         = "C93",
      year           = "2016",
      number         = "2",
      pages          = "024901",
      doi            = "10.1103/PhysRevC.93.024901",
      eprint         = "1509.06727",
      archivePrefix  = "arXiv",
      primaryClass   = "nucl-ex",
      SLACcitation   = "%%CITATION = ARXIV:1509.06727;%%"
}



%%% contains utf-8, see: http://inspirehep.net/info/faq/general#utf8
%%% add \usepackage[utf8]{inputenc} to your latex preamble

@article{Adamczyk:2015fum,
      author         = "Adamczyk, L. and others",
      title          = "{Centrality dependence of identified particle elliptic
                        flow in relativistic heavy ion collisions at
                        $\sqrt{s_{NN}}$=7.7–62.4 GeV}",
      collaboration  = "STAR",
      journal        = "Phys. Rev.",
      volume         = "C93",
      year           = "2016",
      number         = "1",
      pages          = "014907",
      doi            = "10.1103/PhysRevC.93.014907",
      eprint         = "1509.08397",
      archivePrefix  = "arXiv",
      primaryClass   = "nucl-ex",
      SLACcitation   = "%%CITATION = ARXIV:1509.08397;%%"
}


@article{Adare:2015aqk,
      author         = "Adare, A. and others",
      title          = "{Measurement of higher cumulants of net-charge
                        multiplicity distributions in Au$+$Au collisions at
                        $\sqrt{s_{_{NN}}}=7.7-200$ GeV}",
      collaboration  = "PHENIX",
      journal        = "Phys. Rev.",
      volume         = "C93",
      year           = "2016",
      number         = "1",
      pages          = "011901",
      doi            = "10.1103/PhysRevC.93.011901",
      eprint         = "1506.07834",
      archivePrefix  = "arXiv",
      primaryClass   = "nucl-ex",
      SLACcitation   = "%%CITATION = ARXIV:1506.07834;%%"
}


@article{Adare:2015ila,
      author         = "Adare, A. and others",
      title          = "{Dielectron production in Au$+$Au collisions at
                        $\sqrt{s_{NN}}$=200 GeV}",
      collaboration  = "PHENIX",
      journal        = "Phys. Rev.",
      volume         = "C93",
      year           = "2016",
      number         = "1",
      pages          = "014904",
      doi            = "10.1103/PhysRevC.93.014904",
      eprint         = "1509.04667",
      archivePrefix  = "arXiv",
      primaryClass   = "nucl-ex",
      SLACcitation   = "%%CITATION = ARXIV:1509.04667;%%"
}


@article{Vossen:2015gqa,
      author         = "Vossen, Anselm",
      title          = "{Recent Results on the Measurement of Fragmentation
                        Functions in $e^{+}e^-$ Annihilation}",
      booktitle      = "{Proceedings, QCD Evolution Workshop (QCD 2014): Santa
                        Fe, USA, May 12-16, 2014}",
      journal        = "Int. J. Mod. Phys. Conf. Ser.",
      volume         = "37",
      year           = "2015",
      pages          = "1560066",
      doi            = "10.1142/S2010194515600666",
      SLACcitation   = "%%CITATION = INSPIRE-1356478;%%"
}


@article{Abdelwahab:2014cvd,
      author         = "Adamczyk, L. and others",
      title          = "{Di-hadron correlations with identified leading hadrons
                        in 200 GeV Au + Au and d + Au collisions at STAR}",
      collaboration  = "STAR",
      journal        = "Phys. Lett.",
      volume         = "B751",
      year           = "2015",
      pages          = "233-240",
      doi            = "10.1016/j.physletb.2015.10.037",
      eprint         = "1410.3524",
      archivePrefix  = "arXiv",
      primaryClass   = "nucl-ex",
      SLACcitation   = "%%CITATION = ARXIV:1410.3524;%%"
}


@article{Adamczyk:2015hri,
      author         = "Adamczyk, L. and others",
      title          = "{Observation of Transverse Spin-Dependent Azimuthal
                        Correlations of Charged Pion Pairs in $p^\uparrow+p$ at
                        $\sqrt{s}=200$ GeV}",
      collaboration  = "STAR",
      journal        = "Phys. Rev. Lett.",
      volume         = "115",
      year           = "2015",
      pages          = "242501",
      doi            = "10.1103/PhysRevLett.115.242501",
      eprint         = "1504.00415",
      archivePrefix  = "arXiv",
      primaryClass   = "hep-ex",
      SLACcitation   = "%%CITATION = ARXIV:1504.00415;%%"
}


@article{Chang:2015fja,
      author         = "Chang, Y. Y. and others",
      title          = "{Observation of $B^{0} \rightarrow p\bar{\Lambda}
                        D^{(*)-}$}",
      collaboration  = "Belle",
      journal        = "Phys. Rev. Lett.",
      volume         = "115",
      year           = "2015",
      number         = "22",
      pages          = "221803",
      doi            = "10.1103/PhysRevLett.115.221803",
      eprint         = "1509.03034",
      archivePrefix  = "arXiv",
      primaryClass   = "hep-ex",
      reportNumber   = "BELLE-PREPRINT-2015-13, KEK-PREPRINT-2015-22",
      SLACcitation   = "%%CITATION = ARXIV:1509.03034;%%"
}


@article{Adamczyk:2015obl,
      author         = "Adamczyk, L. and others",
      title          = "{Azimuthal anisotropy in U$+$U and Au$+$Au collisions at
                        RHIC}",
      collaboration  = "STAR",
      journal        = "Phys. Rev. Lett.",
      volume         = "115",
      year           = "2015",
      number         = "22",
      pages          = "222301",
      doi            = "10.1103/PhysRevLett.115.222301",
      eprint         = "1505.07812",
      archivePrefix  = "arXiv",
      primaryClass   = "nucl-ex",
      SLACcitation   = "%%CITATION = ARXIV:1505.07812;%%"
}


@article{Seidl:2015lla,
      author         = "Seidl, R. and others",
      title          = "{Inclusive cross sections for pairs of identified light
                        charged hadrons and for single protons in $e^+e^-$ at
                        $\sqrt{s}=$ 10.58 GeV}",
      collaboration  = "Belle",
      journal        = "Phys. Rev.",
      volume         = "D92",
      year           = "2015",
      number         = "9",
      pages          = "092007",
      doi            = "10.1103/PhysRevD.92.092007",
      eprint         = "1509.00563",
      archivePrefix  = "arXiv",
      primaryClass   = "hep-ex",
      reportNumber   = "BELLE-DRAFT-2015-12, BELLE-PREPRINT-2015-12,
                        KEK-PREPRINT-2015-21, KEK-DRAFT-2015-21",
      SLACcitation   = "%%CITATION = ARXIV:1509.00563;%%"
}


@article{Adamczyk:2015hza,
      author         = "Adamczyk, L. and others",
      title          = "{Measurement of Interaction between Antiprotons}",
      collaboration  = "STAR",
      journal        = "Nature",
      volume         = "527",
      year           = "2015",
      pages          = "345-348",
      doi            = "10.1038/nature15724",
      eprint         = "1507.07158",
      archivePrefix  = "arXiv",
      primaryClass   = "nucl-ex",
      SLACcitation   = "%%CITATION = ARXIV:1507.07158;%%"
}


@article{Oswald:2015dma,
      author         = "Oswald, C. and others",
      title          = "{Semi-inclusive studies of semileptonic $B_s$ decays at
                        Belle}",
      collaboration  = "Belle",
      journal        = "Phys. Rev.",
      volume         = "D92",
      year           = "2015",
      number         = "7",
      pages          = "072013",
      doi            = "10.1103/PhysRevD.92.072013",
      eprint         = "1504.02004",
      archivePrefix  = "arXiv",
      primaryClass   = "hep-ex",
      reportNumber   = "BELLE-PREPRINT-2015-4, KEK-PREPRINT-2015-1",
      SLACcitation   = "%%CITATION = ARXIV:1504.02004;%%"
}


@article{Tamponi:2015xzb,
      author         = "Tamponi, U. and others",
      title          = "{First observation of the hadronic transition $
                        \Upsilon(4S) \to \eta h_{b}(1P)$ and new measurement of
                        the $h_b(1P)$ and $\eta_b(1S)$ parameters}",
      collaboration  = "Belle",
      journal        = "Phys. Rev. Lett.",
      volume         = "115",
      year           = "2015",
      number         = "14",
      pages          = "142001",
      doi            = "10.1103/PhysRevLett.115.142001",
      eprint         = "1506.08914",
      archivePrefix  = "arXiv",
      primaryClass   = "hep-ex",
      reportNumber   = "BELLE-PREPRINT-2015-9, KEK-PREPRINT-2015-6",
      SLACcitation   = "%%CITATION = ARXIV:1506.08914;%%"
}


@article{Adare:2015ctn,
      author         = "Adare, A. and others",
      title          = "{Measurements of elliptic and triangular flow in
                        high-multiplicity $^{3}$He$+$Au collisions at
                        $\sqrt{s_{_{NN}}}=200$ GeV}",
      collaboration  = "PHENIX",
      journal        = "Phys. Rev. Lett.",
      volume         = "115",
      year           = "2015",
      number         = "14",
      pages          = "142301",
      doi            = "10.1103/PhysRevLett.115.142301",
      eprint         = "1507.06273",
      archivePrefix  = "arXiv",
      primaryClass   = "nucl-ex",
      SLACcitation   = "%%CITATION = ARXIV:1507.06273;%%"
}


@article{Kronenbitter:2015kls,
      author         = "Kronenbitter, B. and others",
      title          = "{Measurement of the branching fraction of B^+ -&gt; tau^+
                        nu_tau decays with the semileptonic tagging method}",
      collaboration  = "Belle",
      journal        = "Phys. Rev.",
      volume         = "D92",
      year           = "2015",
      number         = "5",
      pages          = "051102",
      doi            = "10.1103/PhysRevD.92.051102",
      eprint         = "1503.05613",
      archivePrefix  = "arXiv",
      primaryClass   = "hep-ex",
      reportNumber   = "KEK-PREPRINT-2014-47",
      SLACcitation   = "%%CITATION = ARXIV:1503.05613;%%"
}


@article{Adamczyk:2014ozi,
      author         = "Adamczyk, L. and others",
      title          = "{Precision Measurement of the Longitudinal Double-spin
                        Asymmetry for Inclusive Jet Production in Polarized Proton
                        Collisions at $\sqrt{s}=200$ GeV}",
      collaboration  = "STAR",
      journal        = "Phys. Rev. Lett.",
      volume         = "115",
      year           = "2015",
      number         = "9",
      pages          = "092002",
      doi            = "10.1103/PhysRevLett.115.092002",
      eprint         = "1405.5134",
      archivePrefix  = "arXiv",
      primaryClass   = "hep-ex",
      SLACcitation   = "%%CITATION = ARXIV:1405.5134;%%"
}


@article{Adamczyk:2015lme,
      author         = "Adamczyk, L. and others",
      title          = "{Measurements of Dielectron Production in Au$+$Au
                        Collisions at $\sqrt{s_{\rm NN}}$ = 200 GeV from the STAR
                        Experiment}",
      collaboration  = "STAR",
      journal        = "Phys. Rev.",
      volume         = "C92",
      year           = "2015",
      number         = "2",
      pages          = "024912",
      doi            = "10.1103/PhysRevC.92.024912",
      eprint         = "1504.01317",
      archivePrefix  = "arXiv",
      primaryClass   = "hep-ex",
      SLACcitation   = "%%CITATION = ARXIV:1504.01317;%%"
}


@article{Adamczyk:2015mmx,
      author         = "Adamczyk, L. and others",
      title          = "{Energy dependence of acceptance-corrected dielectron
                        excess mass spectrum at mid-rapidity in Au$+$Au collisions
                        at $\sqrt{s_{NN}} =$ 19.6  and 200 GeV}",
      collaboration  = "STAR",
      journal        = "Phys. Lett.",
      volume         = "B750",
      year           = "2015",
      pages          = "64-71",
      doi            = "10.1016/j.physletb.2015.08.044",
      eprint         = "1501.05341",
      archivePrefix  = "arXiv",
      primaryClass   = "hep-ex",
      SLACcitation   = "%%CITATION = ARXIV:1501.05341;%%"
}


@article{Abdelwahab:2014yha,
      author         = "Abdelwahab, N. M. and others",
      title          = "{Energy Dependence of $K/\pi$, $p/\pi$, and $K/p$
                        Fluctuations in Au+Au Collisions from $\rm \sqrt{s_{NN}}$
                        = 7.7 to 200 GeV}",
      collaboration  = "STAR",
      journal        = "Phys. Rev.",
      volume         = "C92",
      year           = "2015",
      number         = "2",
      pages          = "021901",
      doi            = "10.1103/PhysRevC.92.021901",
      eprint         = "1410.5375",
      archivePrefix  = "arXiv",
      primaryClass   = "nucl-ex",
      SLACcitation   = "%%CITATION = ARXIV:1410.5375;%%"
}


@article{Adamczyk:2015xjc,
      author         = "Adamczyk, L. and others",
      title          = "{Long-range pseudorapidity dihadron correlations in
                        $d$+Au collisions at $\sqrt{s_{\rm NN}}=200$ GeV}",
      collaboration  = "STAR",
      journal        = "Phys. Lett.",
      volume         = "B747",
      year           = "2015",
      pages          = "265-271",
      doi            = "10.1016/j.physletb.2015.05.075",
      eprint         = "1502.07652",
      archivePrefix  = "arXiv",
      primaryClass   = "nucl-ex",
      SLACcitation   = "%%CITATION = ARXIV:1502.07652;%%"
}


@article{Han:2015vhc,
      author         = "Han, Y. L. and others",
      title          = "{Measurement of $e^+e^- \to \gamma\chi_{cJ}$ via initial
                        state radiation at Belle}",
      collaboration  = "Belle",
      journal        = "Phys. Rev.",
      volume         = "D92",
      year           = "2015",
      number         = "1",
      pages          = "012011",
      doi            = "10.1103/PhysRevD.92.012011",
      eprint         = "1506.05229",
      archivePrefix  = "arXiv",
      primaryClass   = "hep-ex",
      SLACcitation   = "%%CITATION = ARXIV:1506.05229;%%"
}


@article{Vossen:2015znm,
      author         = "Vossen, Anselm",
      title          = "{Recent Fragmentation Function Measurements at Belle}",
      booktitle      = "{Proceedings, 23rd International Workshop on
                        Deep-Inelastic Scattering and Related Subjects (DIS 2015):
                        Dallas, Texas, USA, April 27-May 01, 2015}",
      journal        = "PoS",
      volume         = "DIS2015",
      year           = "2015",
      pages          = "216",
      doi            = "10.22323/1.247.0216",
      SLACcitation   = "%%CITATION = POSCI,DIS2015,216;%%"
}


@article{Adamczyk:2014mxp,
      author         = "Adamczyk, L. and others",
      title          = "{Beam-energy-dependent two-pion interferometry and the
                        freeze-out eccentricity of pions measured in heavy ion
                        collisions at the STAR detector}",
      collaboration  = "STAR",
      journal        = "Phys. Rev.",
      volume         = "C92",
      year           = "2015",
      number         = "1",
      pages          = "014904",
      doi            = "10.1103/PhysRevC.92.014904",
      eprint         = "1403.4972",
      archivePrefix  = "arXiv",
      primaryClass   = "nucl-ex",
      SLACcitation   = "%%CITATION = ARXIV:1403.4972;%%"
}


@article{Pal:2015ewa,
      author         = "Pal, B. and others",
      title          = "{Evidence for the decay $B^{0} \to \eta \pi^0$}",
      collaboration  = "Belle",
      journal        = "Phys. Rev.",
      volume         = "D92",
      year           = "2015",
      number         = "1",
      pages          = "011101",
      doi            = "10.1103/PhysRevD.92.011101",
      eprint         = "1504.00957",
      archivePrefix  = "arXiv",
      primaryClass   = "hep-ex",
      reportNumber   = "Belle-Preprint-2015-2,
                        UNIVERSITY-OF-CINCINNATI-PREPRINT-UCHEP-15-02,
                        KEK-Preprint-2014-45, UCHEP-Preprint-2015-2,
                        KEK-PREPRINT-2014-45",
      SLACcitation   = "%%CITATION = ARXIV:1504.00957;%%"
}


@article{Adamczyk:2015eqo,
      author         = "Adamczyk, L. and others",
      title          = "{Observation of charge asymmetry dependence of pion
                        elliptic flow and the possible chiral magnetic wave in
                        heavy-ion collisions}",
      collaboration  = "STAR",
      journal        = "Phys. Rev. Lett.",
      volume         = "114",
      year           = "2015",
      number         = "25",
      pages          = "252302",
      doi            = "10.1103/PhysRevLett.114.252302",
      eprint         = "1504.02175",
      archivePrefix  = "arXiv",
      primaryClass   = "nucl-ex",
      SLACcitation   = "%%CITATION = ARXIV:1504.02175;%%"
}



%%% contains utf-8, see: http://inspirehep.net/info/faq/general#utf8
%%% add \usepackage[utf8]{inputenc} to your latex preamble

@article{Heller:2015vvm,
      author         = "Heller, A. and others",
      title          = "{Search for $B^+ → ℓ^+ν_ℓγ$ decays with hadronic
                        tagging using the full Belle data sample}",
      collaboration  = "Belle",
      journal        = "Phys. Rev.",
      volume         = "D91",
      year           = "2015",
      number         = "11",
      pages          = "112009",
      doi            = "10.1103/PhysRevD.91.112009",
      eprint         = "1504.05831",
      archivePrefix  = "arXiv",
      primaryClass   = "hep-ex",
      reportNumber   = "BELLE-PREPRINT-2015-6, KEK-PREPRINT-2015-3",
      SLACcitation   = "%%CITATION = ARXIV:1504.05831;%%"
}


@article{Adare:2014fwh,
      author         = "Adare, A. and others",
      title          = "{Centrality dependence of low-momentum direct-photon
                        production in Au$+$Au collisions at $\sqrt{s_{_{NN}}}=200$
                        GeV}",
      collaboration  = "PHENIX",
      journal        = "Phys. Rev.",
      volume         = "C91",
      year           = "2015",
      number         = "6",
      pages          = "064904",
      doi            = "10.1103/PhysRevC.91.064904",
      eprint         = "1405.3940",
      archivePrefix  = "arXiv",
      primaryClass   = "nucl-ex",
      SLACcitation   = "%%CITATION = ARXIV:1405.3940;%%"
}


@article{Abdesselam:2015nxn,
      author         = "Abdesselam, A. and others",
      title          = "{Measurement of Azimuthal Modulations in the
                        Cross-Section of Di-Pion Pairs in Di-Jet Production from
                        Electron-Positron Annihilation}",
      collaboration  = "Belle",
      year           = "2015",
      eprint         = "1505.08020",
      archivePrefix  = "arXiv",
      primaryClass   = "hep-ex",
      reportNumber   = "BELLE-CONF-1502",
      SLACcitation   = "%%CITATION = ARXIV:1505.08020;%%"
}


@article{Choi:2015lpc,
      author         = "Choi, S. -K. and others",
      title          = "{Measurements of $B\rightarrow \bar{D} D_{s0}
                        ^{*+}(2317)$ decay rates and a search for isospin partners
                        of the $D_{s0}^{*+} (2317)$}",
      collaboration  = "Belle",
      journal        = "Phys. Rev.",
      volume         = "D91",
      year           = "2015",
      number         = "9",
      pages          = "092011",
      doi            = "10.1103/PhysRevD.91.092011, 10.1103/PhysRevD.92.039905",
      note           = "[Addendum: Phys. Rev.D92,no.3,039905(2015)]",
      eprint         = "1504.02637",
      archivePrefix  = "arXiv",
      primaryClass   = "hep-ex",
      SLACcitation   = "%%CITATION = ARXIV:1504.02637;%%"
}


@article{Adare:2014keg,
      author         = "Adare, A. and others",
      title          = "{Measurement of long-range angular correlation and
                        quadrupole anisotropy of pions and (anti)protons in
                        central $d$$+$Au collisions at $\sqrt{s_{_{NN}}}$=200
                        GeV}",
      collaboration  = "PHENIX",
      journal        = "Phys. Rev. Lett.",
      volume         = "114",
      year           = "2015",
      number         = "19",
      pages          = "192301",
      doi            = "10.1103/PhysRevLett.114.192301",
      eprint         = "1404.7461",
      archivePrefix  = "arXiv",
      primaryClass   = "nucl-ex",
      SLACcitation   = "%%CITATION = ARXIV:1404.7461;%%"
}


@article{Adare:2014rly,
      author         = "Adare, A. and others",
      title          = "{Heavy-quark production and elliptic flow in Au$+$Au
                        collisions at $\sqrt{s_{_{NN}}}=62.4$ GeV}",
      collaboration  = "PHENIX",
      journal        = "Phys. Rev.",
      volume         = "C91",
      year           = "2015",
      number         = "4",
      pages          = "044907",
      doi            = "10.1103/PhysRevC.91.044907",
      eprint         = "1405.3301",
      archivePrefix  = "arXiv",
      primaryClass   = "nucl-ex",
      SLACcitation   = "%%CITATION = ARXIV:1405.3301;%%"
}


@article{Abdelwahab:2014sge,
      author         = "Abdelwahab, N. M. and others",
      title          = "{Isolation of Flow and Nonflow Correlations by Two- and
                        Four-Particle Cumulant Measurements of Azimuthal Harmonics
                        in $\sqrt{s_{_{\rm NN}}} =$ 200 GeV Au+Au Collisions}",
      collaboration  = "STAR",
      journal        = "Phys. Lett.",
      volume         = "B745",
      year           = "2015",
      pages          = "40-47",
      doi            = "10.1016/j.physletb.2015.04.033",
      eprint         = "1409.2043",
      archivePrefix  = "arXiv",
      primaryClass   = "nucl-ex",
      SLACcitation   = "%%CITATION = ARXIV:1409.2043;%%"
}


@article{Adamczyk:2014fcx,
      author         = "Adamczyk, L. and others",
      title          = "{Effect of event selection on jetlike correlation
                        measurement in $d$+Au collisions at
                        $\sqrt{s_{\rm{NN}}}=200$ GeV}",
      collaboration  = "STAR",
      journal        = "Phys. Lett.",
      volume         = "B743",
      year           = "2015",
      pages          = "333-339",
      doi            = "10.1016/j.physletb.2015.02.068",
      eprint         = "1412.8437",
      archivePrefix  = "arXiv",
      primaryClass   = "nucl-ex",
      SLACcitation   = "%%CITATION = ARXIV:1412.8437;%%"
}


@article{Adamczyk:2014epa,
      author         = "Adamczyk, L. and others",
      title          = "{Charged-to-neutral correlation at forward rapidity in
                        Au+Au collisions at $\sqrt{s_{NN}}$=200 GeV}",
      collaboration  = "STAR",
      journal        = "Phys. Rev.",
      volume         = "C91",
      year           = "2015",
      number         = "3",
      pages          = "034905",
      doi            = "10.1103/PhysRevC.91.034905",
      eprint         = "1408.5017",
      archivePrefix  = "arXiv",
      primaryClass   = "nucl-ex",
      SLACcitation   = "%%CITATION = ARXIV:1408.5017;%%"
}


@article{Adamczyk:2015jkp,
      author         = "Adamczyk, L. and others",
      title          = "{The $\phi (1020)\rightarrow e^{+}e^{-}$ meson decay
                        measured with the STAR experiment in Au+Au collisions at
                        $\sqrt{s_{_{NN}}}$ = 200 GeV}",
      collaboration  = "STAR",
      year           = "2015",
      eprint         = "1503.04217",
      archivePrefix  = "arXiv",
      primaryClass   = "hep-ex",
      SLACcitation   = "%%CITATION = ARXIV:1503.04217;%%"
}


@article{Adare:2014mgk,
      author         = "Adare, A. and others",
      title          = "{Search for dark photons from neutral meson decays in $p
                        + p$ and $d$ + Au collisions at $\sqrt{s_{NN}} =$ 200
                        GeV}",
      collaboration  = "PHENIX",
      journal        = "Phys. Rev.",
      volume         = "C91",
      year           = "2015",
      number         = "3",
      pages          = "031901",
      doi            = "10.1103/PhysRevC.91.031901",
      eprint         = "1409.0851",
      archivePrefix  = "arXiv",
      primaryClass   = "nucl-ex",
      SLACcitation   = "%%CITATION = ARXIV:1409.0851;%%"
}


@article{Saito:2014das,
      author         = "Saito, T. and others",
      title          = "{Measurement of the $\bar{B} \rightarrow X_s \gamma$
                        Branching Fraction with a Sum of Exclusive Decays}",
      collaboration  = "Belle",
      journal        = "Phys. Rev.",
      volume         = "D91",
      year           = "2015",
      number         = "5",
      pages          = "052004",
      doi            = "10.1103/PhysRevD.91.052004",
      eprint         = "1411.7198",
      archivePrefix  = "arXiv",
      primaryClass   = "hep-ex",
      reportNumber   = "BELLE-PREPRINT-2014-15, KEK-PREPRINT-2014-26",
      SLACcitation   = "%%CITATION = ARXIV:1411.7198;%%"
}


@article{Wiechczynski:2014kxh,
      author         = "Wiechczynski, J. and others",
      title          = "{Measurement of $B^0 \to D_s^- K^0_S\pi^+$ and $B^+ \to
                        D_s^- K^+K^+$ branching fractions}",
      collaboration  = "Belle",
      journal        = "Phys. Rev.",
      volume         = "D91",
      year           = "2015",
      number         = "3",
      pages          = "032008",
      doi            = "10.1103/PhysRevD.91.032008",
      eprint         = "1411.2035",
      archivePrefix  = "arXiv",
      primaryClass   = "hep-ex",
      reportNumber   = "BELLE-PREPRINT-2014-16, KEK-PREPRINT-2014-27",
      SLACcitation   = "%%CITATION = ARXIV:1411.2035;%%"
}


@article{Abdesselam:2015axa,
      author         = "Abdesselam, A. and others",
      title          = "{Measurement of the amplitude ratio of $B^0 \to
                        D^0K^{*0}$ and $B^0 \to \bar{D^0}K^{*0}$ decays with a
                        model-independent Dalitz plot analysis using $D\to
                        K_S^0\pi^+\pi^-$ decays}",
      collaboration  = "Belle",
      year           = "2015",
      eprint         = "1502.07550",
      archivePrefix  = "arXiv",
      primaryClass   = "hep-ex",
      SLACcitation   = "%%CITATION = ARXIV:1502.07550;%%"
}


@article{Adare:2014wht,
      author         = "Adare, A. and others",
      title          = "{Charged-pion cross sections and double-helicity
                        asymmetries in polarized p+p collisions at $\sqrt{s}$=200 
                        GeV}",
      collaboration  = "PHENIX",
      journal        = "Phys. Rev.",
      volume         = "D91",
      year           = "2015",
      number         = "3",
      pages          = "032001",
      doi            = "10.1103/PhysRevD.91.032001",
      eprint         = "1409.1907",
      archivePrefix  = "arXiv",
      primaryClass   = "hep-ex",
      SLACcitation   = "%%CITATION = ARXIV:1409.1907;%%"
}


@article{Vossen:2015jaa,
      author         = "Vossen, Anselm",
      title          = "{Transverse Single Spin and Azimuthal Asymmetries in
                        Hadronic Collisions at STAR}",
      booktitle      = "{Proceedings, 4th International Workshop on Transverse
                        Polarization Phenomena in Hard Processes (Transversity
                        2014): Cagliari, Italy, June 9-13, 2014}",
      journal        = "EPJ Web Conf.",
      volume         = "85",
      year           = "2015",
      pages          = "02030",
      doi            = "10.1051/epjconf/20158502030",
      SLACcitation   = "%%CITATION = 00776,85,02030;%%"
}


@article{Adamczyk:2014vca,
      author         = "Adamczyk, L. and others",
      title          = "{$\Lambda\Lambda$ Correlation Function in Au+Au
                        collisions at $\sqrt{s_{NN}}=$ 200 GeV}",
      collaboration  = "STAR",
      journal        = "Phys. Rev. Lett.",
      volume         = "114",
      year           = "2015",
      number         = "2",
      pages          = "022301",
      doi            = "10.1103/PhysRevLett.114.022301",
      eprint         = "1408.4360",
      archivePrefix  = "arXiv",
      primaryClass   = "nucl-ex",
      SLACcitation   = "%%CITATION = ARXIV:1408.4360;%%"
}


@article{Dutta:2014sxo,
      author         = "Dutta, D. and others",
      title          = "{Search for $B_{s}^{0}\rightarrow\gamma\gamma$ and a
                        measurement of the branching fraction for
                        $B_{s}^{0}\rightarrow\phi\gamma$}",
      collaboration  = "Belle",
      journal        = "Phys. Rev.",
      volume         = "D91",
      year           = "2015",
      number         = "1",
      pages          = "011101",
      doi            = "10.1103/PhysRevD.91.011101",
      eprint         = "1411.7771",
      archivePrefix  = "arXiv",
      primaryClass   = "hep-ex",
      reportNumber   = "BELLE-PREPRINT-2014-18, KEK-PREPRINT-2014-32",
      SLACcitation   = "%%CITATION = ARXIV:1411.7771;%%"
}


@article{Aschenauer:2015eha,
      author         = "Aschenauer, Elke-Caroline and others",
      title          = "{The RHIC SPIN Program: Achievements and Future
                        Opportunities}",
      year           = "2015",
      eprint         = "1501.01220",
      archivePrefix  = "arXiv",
      primaryClass   = "nucl-ex",
      SLACcitation   = "%%CITATION = ARXIV:1501.01220;%%"
}



%%% contains utf-8, see: http://inspirehep.net/info/faq/general#utf8
%%% add \usepackage[utf8]{inputenc} to your latex preamble

@article{Yang:2014yyy,
      author         = "Yang, S. D. and others",
      title          = "{Evidence of $ϒ(1S) → J/ψ + χ_{c1}$ and search for
                        double-charmonium production in ϒ(1S) and ϒ(2S) decays}",
      collaboration  = "Belle",
      journal        = "Phys. Rev.",
      volume         = "D90",
      year           = "2014",
      number         = "11",
      pages          = "112008",
      doi            = "10.1103/PhysRevD.90.112008",
      eprint         = "1409.7644",
      archivePrefix  = "arXiv",
      primaryClass   = "hep-ex",
      reportNumber   = "BELLE-PREPRINT-#-2014-14, KEK-PREPRINT-#:-2014-24",
      SLACcitation   = "%%CITATION = ARXIV:1409.7644;%%"
}


@article{Adamczyk:2014lpa,
      author         = "Adamczyk, L. and others",
      title          = "{Dielectron azimuthal anisotropy at mid-rapidity in Au +
                        Au collisions at $\sqrt{s_{_{NN}}} = 200$ GeV}",
      collaboration  = "STAR",
      journal        = "Phys. Rev.",
      volume         = "C90",
      year           = "2014",
      number         = "6",
      pages          = "064904",
      doi            = "10.1103/PhysRevC.90.064904",
      eprint         = "1402.1791",
      archivePrefix  = "arXiv",
      primaryClass   = "nucl-ex",
      SLACcitation   = "%%CITATION = ARXIV:1402.1791;%%"
}


@article{Bevan:2014iga,
      author         = "Bevan, A. J. and others",
      title          = "{The Physics of the B Factories}",
      collaboration  = "BaBar, Belle",
      journal        = "Eur. Phys. J.",
      volume         = "C74",
      year           = "2014",
      pages          = "3026",
      doi            = "10.1140/epjc/s10052-014-3026-9",
      eprint         = "1406.6311",
      archivePrefix  = "arXiv",
      primaryClass   = "hep-ex",
      reportNumber   = "SLAC-PUB-15968, KEK-PREPRINT-2014-3,
                        FERMILAB-PUB-14-262-T",
      SLACcitation   = "%%CITATION = ARXIV:1406.6311;%%"
}



%%% contains utf-8, see: http://inspirehep.net/info/faq/general#utf8
%%% add \usepackage[utf8]{inputenc} to your latex preamble

@article{Santelj:2014sja,
      author         = "Šantelj, L. and others",
      title          = "{Measurement of Time-Dependent $CP$ Violation in $B^0\to
                        \eta'K^0$ Decays}",
      collaboration  = "Belle",
      journal        = "JHEP",
      volume         = "10",
      year           = "2014",
      pages          = "165",
      doi            = "10.1007/JHEP10(2014)165",
      eprint         = "1408.5991",
      archivePrefix  = "arXiv",
      primaryClass   = "hep-ex",
      reportNumber   = "BELLE-PREPRINT-2014-10, KEK-PREPRINT-2014-17",
      SLACcitation   = "%%CITATION = ARXIV:1408.5991;%%"
}



%%% contains utf-8, see: http://inspirehep.net/info/faq/general#utf8
%%% add \usepackage[utf8]{inputenc} to your latex preamble

@article{Adamczyk:2013vjy,
      author         = "Adamczyk, L. and others",
      title          = "{J/ψ polarization in p+p collisions at  $\sqrt{s}$ = 200
                        GeV in STAR}",
      collaboration  = "STAR",
      journal        = "Phys. Lett.",
      volume         = "B739",
      year           = "2014",
      pages          = "180-188",
      doi            = "10.1016/j.physletb.2014.10.049",
      eprint         = "1311.1621",
      archivePrefix  = "arXiv",
      primaryClass   = "nucl-ex",
      reportNumber   = "WUT-13-01",
      SLACcitation   = "%%CITATION = ARXIV:1311.1621;%%"
}


@article{Adare:2014qvs,
      author         = "Adare, A. and others",
      title          = "{Beam-energy and system-size dependence of the space-time
                        extent of the pion emission source produced in heavy ion
                        collisions}",
      collaboration  = "PHENIX",
      year           = "2014",
      eprint         = "1410.2559",
      archivePrefix  = "arXiv",
      primaryClass   = "nucl-ex",
      SLACcitation   = "%%CITATION = ARXIV:1410.2559;%%"
}


@article{Adamczyk:2014uip,
      author         = "Adamczyk, L. and others",
      title          = "{Observation of $D^0$ Meson Nuclear Modifications in
                        Au+Au Collisions at $\sqrt{s_{NN}}=200$  GeV}",
      collaboration  = "STAR",
      journal        = "Phys. Rev. Lett.",
      volume         = "113",
      year           = "2014",
      number         = "14",
      pages          = "142301",
      doi            = "10.1103/PhysRevLett.121.229901,
                        10.1103/PhysRevLett.113.142301",
      note           = "[Erratum: Phys. Rev. Lett.121,no.22,229901(2018)]",
      eprint         = "1404.6185",
      archivePrefix  = "arXiv",
      primaryClass   = "nucl-ex",
      reportNumber   = "arXiv:1809.08737",
      SLACcitation   = "%%CITATION = ARXIV:1404.6185;%%"
}


@inproceedings{Abdesselam:2014hkd,
      author         = "Abdesselam, A. and others",
      title          = "{Measurement of the branching fraction of $B^+ \to \tau^+
                        \nu_\tau$ decays with the semileptonic tagging method and
                        the full Belle data sample}",
      booktitle      = "{8th International Workshop on the CKM Unitarity Triangle
                        (CKM 2014) Vienna, Austria, September 8-12, 2014}",
      collaboration  = "Belle",
      year           = "2014",
      eprint         = "1409.5269",
      archivePrefix  = "arXiv",
      primaryClass   = "hep-ex",
      reportNumber   = "BELLE-CONF-1401",
      SLACcitation   = "%%CITATION = ARXIV:1409.5269;%%"
}


@inproceedings{Abdesselam:2014uea,
      author         = "Abdesselam, A. and others",
      title          = "{Study of Michel parameters in leptonic $\tau$ decays at
                        Belle}",
      booktitle      = "{Proceedings, 13th International Workshop on Tau Lepton
                        Physics (TAU 2014): Aachen, Germany, September 15-19,
                        2014}",
      collaboration  = "Belle",
      year           = "2014",
      eprint         = "1409.4969",
      archivePrefix  = "arXiv",
      primaryClass   = "hep-ex",
      reportNumber   = "BELLE-CONF-1402",
      SLACcitation   = "%%CITATION = ARXIV:1409.4969;%%"
}


@article{Adamczyk:2014fia,
      author         = "Adamczyk, L. and others",
      title          = "{Beam energy dependence of moments of the net-charge
                        multiplicity distributions in Au+Au collisions at RHIC}",
      collaboration  = "STAR",
      journal        = "Phys. Rev. Lett.",
      volume         = "113",
      year           = "2014",
      pages          = "092301",
      doi            = "10.1103/PhysRevLett.113.092301",
      eprint         = "1402.1558",
      archivePrefix  = "arXiv",
      primaryClass   = "nucl-ex",
      SLACcitation   = "%%CITATION = ARXIV:1402.1558;%%"
}


@article{Adamczyk:2014xyw,
      author         = "Adamczyk, L. and others",
      title          = "{Measurement of longitudinal spin asymmetries for weak
                        boson production in polarized proton-proton collisions at
                        RHIC}",
      collaboration  = "STAR",
      journal        = "Phys. Rev. Lett.",
      volume         = "113",
      year           = "2014",
      pages          = "072301",
      doi            = "10.1103/PhysRevLett.113.072301",
      eprint         = "1404.6880",
      archivePrefix  = "arXiv",
      primaryClass   = "nucl-ex",
      SLACcitation   = "%%CITATION = ARXIV:1404.6880;%%"
}


@article{Adamczyk:2013tvk,
      author         = "Adamczyk, L. and others",
      title          = "{$J/\psi$ production at low $p_T$ in Au + Au and Cu + Cu
                        collisions at $\sqrt{s_{NN}}=200$ GeV with the STAR
                        detector}",
      collaboration  = "STAR",
      journal        = "Phys. Rev.",
      volume         = "C90",
      year           = "2014",
      number         = "2",
      pages          = "024906",
      doi            = "10.1103/PhysRevC.90.024906",
      eprint         = "1310.3563",
      archivePrefix  = "arXiv",
      primaryClass   = "nucl-ex",
      SLACcitation   = "%%CITATION = ARXIV:1310.3563;%%"
}


@article{Adamczyk:2014mzf,
      author         = "Adamczyk, L. and others",
      title          = "{Beam-energy dependence of charge separation along the
                        magnetic field in Au+Au collisions at RHIC}",
      collaboration  = "STAR",
      journal        = "Phys. Rev. Lett.",
      volume         = "113",
      year           = "2014",
      pages          = "052302",
      doi            = "10.1103/PhysRevLett.113.052302",
      eprint         = "1404.1433",
      archivePrefix  = "arXiv",
      primaryClass   = "nucl-ex",
      SLACcitation   = "%%CITATION = ARXIV:1404.1433;%%"
}



%%% contains utf-8, see: http://inspirehep.net/info/faq/general#utf8
%%% add \usepackage[utf8]{inputenc} to your latex preamble

@article{Adamczyk:2013poh,
      author         = "Adamczyk, L. and others",
      title          = "{Suppression of $\Upsilon$ production in d+Au and Au+Au
                        collisions at $\sqrt{s_{NN}}$=200 GeV}",
      collaboration  = "STAR",
      journal        = "Phys. Lett.",
      volume         = "B735",
      year           = "2014",
      pages          = "127-137",
      doi            = "10.1016/j.physletb.2014.06.028,
                        10.1016/j.physletb.2015.01.046",
      note           = "[Erratum: Phys. Lett.B743,537(2015)]",
      eprint         = "1312.3675",
      archivePrefix  = "arXiv",
      primaryClass   = "nucl-ex",
      SLACcitation   = "%%CITATION = ARXIV:1312.3675;%%"
}


@article{Adare:2014hsq,
      author         = "Adare, A. and others",
      title          = "{Inclusive double-helicity asymmetries in neutral-pion
                        and eta-meson production in $\vec{p}+\vec{p}$ collisions
                        at $\sqrt{s}=200$ GeV}",
      collaboration  = "PHENIX",
      journal        = "Phys. Rev.",
      volume         = "D90",
      year           = "2014",
      number         = "1",
      pages          = "012007",
      doi            = "10.1103/PhysRevD.90.012007",
      eprint         = "1402.6296",
      archivePrefix  = "arXiv",
      primaryClass   = "hep-ex",
      SLACcitation   = "%%CITATION = ARXIV:1402.6296;%%"
}


@article{Adare:2013ekj,
      author         = "Adare, A. and others",
      title          = "{Measurement of transverse-single-spin asymmetries for
                        midrapidity and forward-rapidity production of hadrons in
                        polarized p+p collisions at $\sqrt{s}=$200 and 62.4 GeV}",
      collaboration  = "PHENIX",
      journal        = "Phys. Rev.",
      volume         = "D90",
      year           = "2014",
      number         = "1",
      pages          = "012006",
      doi            = "10.1103/PhysRevD.90.012006",
      eprint         = "1312.1995",
      archivePrefix  = "arXiv",
      primaryClass   = "hep-ex",
      SLACcitation   = "%%CITATION = ARXIV:1312.1995;%%"
}


@article{Adamczyk:2013caa,
      author         = "Adamczyk, L. and others",
      title          = "{Dielectron Mass Spectra from Au+Au Collisions at
                        $\sqrt{s_{\rm NN}}$ = 200 GeV}",
      collaboration  = "STAR",
      journal        = "Phys. Rev. Lett.",
      volume         = "113",
      year           = "2014",
      number         = "2",
      pages          = "022301",
      doi            = "10.1103/PhysRevLett.113.022301,
                        10.1103/PhysRevLett.113.049903",
      note           = "[Addendum: Phys. Rev. Lett.113,no.4,049903(2014)]",
      eprint         = "1312.7397",
      archivePrefix  = "arXiv",
      primaryClass   = "hep-ex",
      SLACcitation   = "%%CITATION = ARXIV:1312.7397;%%"
}


@article{Adare:2014mgt,
      author         = "Adare, A. and others",
      title          = "{Low-mass vector-meson production at forward rapidity in
                        $p$$+$$p$ collisions at $\sqrt{s}=200$ GeV}",
      collaboration  = "PHENIX",
      journal        = "Phys. Rev.",
      volume         = "D90",
      year           = "2014",
      number         = "5",
      pages          = "052002",
      doi            = "10.1103/PhysRevD.90.052002",
      eprint         = "1405.4260",
      archivePrefix  = "arXiv",
      primaryClass   = "hep-ex",
      SLACcitation   = "%%CITATION = ARXIV:1405.4260;%%"
}


@article{Adamczyk:2014ipa,
      author         = "Adamczyk, L. and others",
      title          = "{Beam-Energy Dependence of the Directed Flow of Protons,
                        Antiprotons, and Pions in Au+Au Collisions}",
      collaboration  = "STAR",
      journal        = "Phys. Rev. Lett.",
      volume         = "112",
      year           = "2014",
      number         = "16",
      pages          = "162301",
      doi            = "10.1103/PhysRevLett.112.162301(2014),
                        10.1103/PhysRevLett.112.162301",
      eprint         = "1401.3043",
      archivePrefix  = "arXiv",
      primaryClass   = "nucl-ex",
      SLACcitation   = "%%CITATION = ARXIV:1401.3043;%%"
}


@article{Adamczyk:2013kcb,
      author         = "Adamczyk, L. and others",
      title          = "{Measurement of charge multiplicity asymmetry
                        correlations in high-energy nucleus-nucleus collisions at
                        $\sqrt{{s}_{NN}} =$ 200 GeV}",
      collaboration  = "STAR",
      journal        = "Phys. Rev.",
      volume         = "C89",
      year           = "2014",
      number         = "4",
      pages          = "044908",
      doi            = "10.1103/PhysRevC.89.044908",
      eprint         = "1303.0901",
      archivePrefix  = "arXiv",
      primaryClass   = "nucl-ex",
      SLACcitation   = "%%CITATION = ARXIV:1303.0901;%%"
}


@article{Adachi:2012cz,
      author         = "Adachi, I. and others",
      title          = "{Study of $B^0 \to \rho^0 \rho^0$ decays, implications
                        for the CKM angle $\phi_2$ and search for other B0 decay
                        modes with a four-pion final state}",
      booktitle      = "{7th International Workshop on the CKM Unitarity Triangle
                        (CKM 2012) Cincinnati, Ohio, USA, September 28-October 2,
                        2012}",
      collaboration  = "Belle",
      year           = "2012",
      doi            = "10.1103/PhysRevD.89.072008, 10.1103/PhysRevD.89.119903",
      note           = "[Addendum: Phys. Rev.D89,no.11,119903(2014)]",
      eprint         = "1212.4015",
      archivePrefix  = "arXiv",
      primaryClass   = "hep-ex",
      reportNumber   = "BELLE-CONF-1212, BELLE-CONF-1212-BELLE-PREPRINT-2013-23",
      SLACcitation   = "%%CITATION = ARXIV:1212.4015;%%"
}


@article{Adamczyk:2013jei,
      author         = "Adamczyk, L. and others",
      title          = "{Jet-Hadron Correlations in $\sqrt{s_{NN}} = 200$ GeV
                        $p+p$ and Central $Au+Au$ Collisions}",
      collaboration  = "STAR",
      journal        = "Phys. Rev. Lett.",
      volume         = "112",
      year           = "2014",
      number         = "12",
      pages          = "122301",
      doi            = "10.1103/PhysRevLett.112.122301",
      eprint         = "1302.6184",
      archivePrefix  = "arXiv",
      primaryClass   = "nucl-ex",
      SLACcitation   = "%%CITATION = ARXIV:1302.6184;%%"
}


@article{Lai:2013xht,
      author         = "Lai, Y. T. and others",
      title          = "{Search for $B^0 \to p \overline {\Lambda} \pi^- \gamma$
                        at Belle}",
      collaboration  = "Belle",
      journal        = "Phys. Rev.",
      volume         = "D89",
      year           = "2014",
      number         = "5",
      pages          = "051103",
      doi            = "10.1103/PhysRevD.89.051103",
      eprint         = "1312.4228",
      archivePrefix  = "arXiv",
      primaryClass   = "hep-ex",
      reportNumber   = "BELLE-PREPRINT-2013-22, KEK-PREPRINT-2013-33",
      SLACcitation   = "%%CITATION = ARXIV:1312.4228;%%"
}


@article{Adamczyk:2013dal,
      author         = "Adamczyk, L. and others",
      title          = "{Energy Dependence of Moments of Net-proton Multiplicity
                        Distributions at RHIC}",
      collaboration  = "STAR",
      journal        = "Phys. Rev. Lett.",
      volume         = "112",
      year           = "2014",
      pages          = "032302",
      doi            = "10.1103/PhysRevLett.112.032302",
      eprint         = "1309.5681",
      archivePrefix  = "arXiv",
      primaryClass   = "nucl-ex",
      SLACcitation   = "%%CITATION = ARXIV:1309.5681;%%"
}


@article{Adamczyk:2013yvv,
      author         = "Adamczyk, L. and others",
      title          = "{Neutral pion cross section and spin asymmetries at
                        intermediate pseudorapidity in polarized proton collisions
                        at &lt;math display="inline"&gt; &lt;mrow&gt; &lt;msqrt&gt; &lt;mrow&gt; &lt;mi&gt; s
                        &lt;/mi&gt; &lt;/mrow&gt; &lt;/msqrt&gt; &lt;mo&gt;=&lt;/mo&gt; &lt;mn&gt; 200 &lt;/mn&gt; &lt;mtext&gt;  
                        &lt;/mtext&gt; &lt;mtext&gt;   &lt;/mtext&gt; &lt;mi&gt; GeV &lt;/mi&gt; &lt;/mrow&gt;
                        &lt;/math&gt;}",
      collaboration  = "STAR",
      journal        = "Phys. Rev.",
      volume         = "D89",
      year           = "2014",
      number         = "1",
      pages          = "012001",
      doi            = "10.1103/PhysRevD.89.012001",
      eprint         = "1309.1800",
      archivePrefix  = "arXiv",
      primaryClass   = "nucl-ex",
      SLACcitation   = "%%CITATION = ARXIV:1309.1800;%%"
}


@article{Seidl:2013eaa,
      author         = "Seidl, R. and Leitgab, M. and Vossen, A. and Giordano, F.
                        and Kobayashi, N. and Grosse-Perdekamp, M. and Ogawa, A.
                        and Hulse, C. and Schnell, G.",
      title          = "{Spin dependent fragmentation functions at Belle}",
      booktitle      = "{Proceedings, 3rd Workshop on the QCD Structure of the
                        Nucleon (QCD-N'12): Bilbao, Spain, October 22-26, 2012}",
      collaboration  = "Belle",
      journal        = "Nuovo Cim.",
      volume         = "C036",
      year           = "2013",
      number         = "05",
      pages          = "177-180",
      doi            = "10.1393/ncc/i2013-11599-9",
      SLACcitation   = "%%CITATION = NUCIA,C036,177;%%"
}


@article{Adamczyk:2013hsi,
      author         = "Adamczyk, L. and others",
      title          = "{Fluctuations of charge separation  perpendicular to the
                        event plane and local parity violation in
                        $\sqrt{s_{NN}}=200$ GeV Au+Au  collisions at the BNL
                        Relativistic Heavy Ion Collider}",
      collaboration  = "STAR",
      journal        = "Phys. Rev.",
      volume         = "C88",
      year           = "2013",
      number         = "6",
      pages          = "064911",
      doi            = "10.1103/PhysRevC.88.064911",
      eprint         = "1302.3802",
      archivePrefix  = "arXiv",
      primaryClass   = "nucl-ex",
      SLACcitation   = "%%CITATION = ARXIV:1302.3802;%%"
}


@article{Adachi:2013mae,
      author         = "Adachi, I. and others",
      title          = "{Measurement of the CP violation parameters in $B^0 \to
                        \pi^+ \pi^-$ decays}",
      booktitle      = "{7th International Workshop on the CKM Unitarity Triangle
                        (CKM 2012) Cincinnati, Ohio, USA, September 28-October 2,
                        2012}",
      collaboration  = "Belle",
      journal        = "Phys. Rev.",
      volume         = "D88",
      year           = "2013",
      number         = "9",
      pages          = "092003",
      doi            = "10.1103/PhysRevD.88.092003",
      eprint         = "1302.0551",
      archivePrefix  = "arXiv",
      primaryClass   = "hep-ex",
      reportNumber   = "BELLE-CONF-1211, BELLE-PREPRINT-2013-11,
                        KEK-PREPRINT-2013-21",
      SLACcitation   = "%%CITATION = ARXIV:1302.0551;%%"
}


@article{Vossen:2013pva,
      author         = "Vossen, Anselm",
      title          = "{Measuring transversity in polarized p+p collisions at
                        $\sqrt s = $ 200GeV}",
      booktitle      = "{Proceedings, 11th Conference on the Intersections of
                        Particle and Nuclear Physics (CIPANP 2012): St.
                        Petersburg, Florida, USA, May 29-June 2, 2012}",
      collaboration  = "STAR",
      journal        = "AIP Conf. Proc.",
      volume         = "1560",
      year           = "2013",
      number         = "1",
      pages          = "519-521",
      doi            = "10.1063/1.4826832",
      SLACcitation   = "%%CITATION = APCPC,1560,519;%%"
}


@article{Iwashita:2013wnn,
      author         = "Iwashita, T. and others",
      title          = "{Measurement of branching fractions for B \to J/\psi \eta
                        K decays and search for a narrow resonance in the J/\psi
                        \eta final state}",
      collaboration  = "Belle",
      journal        = "PTEP",
      volume         = "2014",
      year           = "2014",
      number         = "4",
      pages          = "043C01",
      doi            = "10.1093/ptep/ptu043",
      eprint         = "1310.2704",
      archivePrefix  = "arXiv",
      primaryClass   = "hep-ex",
      SLACcitation   = "%%CITATION = ARXIV:1310.2704;%%"
}


@article{Adare:2013lkk,
      author         = "Adare, A. and others",
      title          = "{Cold-Nuclear-Matter Effects on Heavy-Quark Production at
                        Forward and Backward Rapidity in d+Au Collisions at
                        $\sqrt{s_{NN}}=200$  GeV}",
      collaboration  = "PHENIX",
      journal        = "Phys. Rev. Lett.",
      volume         = "112",
      year           = "2014",
      number         = "25",
      pages          = "252301",
      doi            = "10.1103/PhysRevLett.112.252301",
      eprint         = "1310.1005",
      archivePrefix  = "arXiv",
      primaryClass   = "nucl-ex",
      SLACcitation   = "%%CITATION = ARXIV:1310.1005;%%"
}


@article{Shen:2013okm,
      author         = "Shen, C. P. and others",
      title          = "{Measurement of $e^+ e^- \to \omega \pi^0$,
                        $K^{\ast}(892)\bar{K}$ and $K_2^{\ast}(1430)\bar{K}$ at
                        $\sqrt{s}$ near 10.6 GeV}",
      collaboration  = "Belle",
      journal        = "Phys. Rev.",
      volume         = "D88",
      year           = "2013",
      number         = "5",
      pages          = "052019",
      doi            = "10.1103/PhysRevD.88.052019",
      eprint         = "1309.0575",
      archivePrefix  = "arXiv",
      primaryClass   = "hep-ex",
      reportNumber   = "BELLE-PREPRINT-2013-19, KEK-PREPRINT-2013-30",
      SLACcitation   = "%%CITATION = ARXIV:1309.0575;%%"
}


@article{Adamczyk:2013wqm,
      author         = "Adamczyk, L. and others",
      title          = "{Freeze-out dynamics via charged kaon femtoscopy in
                        $\sqrt{{s}_{NN}}$ = 200 GeV central Au + Au collisions}",
      collaboration  = "STAR",
      journal        = "Phys. Rev.",
      volume         = "C88",
      year           = "2013",
      number         = "3",
      pages          = "034906",
      doi            = "10.1103/PhysRevC.88.034906",
      eprint         = "1302.3168",
      archivePrefix  = "arXiv",
      primaryClass   = "nucl-ex",
      SLACcitation   = "%%CITATION = ARXIV:1302.3168;%%"
}


@article{Leitgab:2013qh,
      author         = "Leitgab, M. and others",
      title          = "{Precision Measurement of Charged Pion and Kaon
                        Differential Cross Sections in e+e- Annihilation at
                        s=10.52  GeV}",
      collaboration  = "Belle",
      journal        = "Phys. Rev. Lett.",
      volume         = "111",
      year           = "2013",
      pages          = "062002",
      doi            = "10.1103/PhysRevLett.111.062002",
      eprint         = "1301.6183",
      archivePrefix  = "arXiv",
      primaryClass   = "hep-ex",
      reportNumber   = "BELLE-PREPRINT-2013-2, KEK-PREPRINT-2012-38",
      SLACcitation   = "%%CITATION = ARXIV:1301.6183;%%"
}


@article{Adamczyk:2012pw,
      author         = "Adamczyk, L. and others",
      title          = "{Measurement of $J/\psi$ Azimuthal Anisotropy in Au+Au
                        Collisions at $\sqrt{s_{NN}}$ = 200 GeV}",
      collaboration  = "STAR",
      journal        = "Phys. Rev. Lett.",
      volume         = "111",
      year           = "2013",
      number         = "5",
      pages          = "052301",
      doi            = "10.1103/PhysRevLett.111.052301",
      eprint         = "1212.3304",
      archivePrefix  = "arXiv",
      primaryClass   = "nucl-ex",
      SLACcitation   = "%%CITATION = ARXIV:1212.3304;%%"
}


@article{Adare:2012qi,
      author         = "Adare, A. and others",
      title          = "{Medium modification of jet fragmentation in Au + Au
                        collisions at $\sqrt{s_{NN}}= 200$ GeV measured in direct
                        photon-hadron correlations}",
      collaboration  = "PHENIX",
      journal        = "Phys. Rev. Lett.",
      volume         = "111",
      year           = "2013",
      number         = "3",
      pages          = "032301",
      doi            = "10.1103/PhysRevLett.111.032301",
      eprint         = "1212.3323",
      archivePrefix  = "arXiv",
      primaryClass   = "nucl-ex",
      SLACcitation   = "%%CITATION = ARXIV:1212.3323;%%"
}


@article{Adamczyk:2013waa,
      author         = "Adamczyk, L. and others",
      title          = "{Third Harmonic Flow of Charged Particles in Au+Au
                        Collisions at sqrtsNN = 200 GeV}",
      collaboration  = "STAR",
      journal        = "Phys. Rev.",
      volume         = "C88",
      year           = "2013",
      number         = "1",
      pages          = "014904",
      doi            = "10.1103/PhysRevC.88.014904",
      eprint         = "1301.2187",
      archivePrefix  = "arXiv",
      primaryClass   = "nucl-ex",
      reportNumber   = "LBNL (2013), LBNL-(2013)",
      SLACcitation   = "%%CITATION = ARXIV:1301.2187;%%"
}


@article{Adamczyk:2013gw,
      author         = "Adamczyk, L. and others",
      title          = "{Elliptic flow of identified hadrons in Au+Au collisions
                        at $\sqrt{s_{NN}}=$ 7.7-62.4 GeV}",
      collaboration  = "STAR",
      journal        = "Phys. Rev.",
      volume         = "C88",
      year           = "2013",
      pages          = "014902",
      doi            = "10.1103/PhysRevC.88.014902",
      eprint         = "1301.2348",
      archivePrefix  = "arXiv",
      primaryClass   = "nucl-ex",
      SLACcitation   = "%%CITATION = ARXIV:1301.2348;%%"
}


@article{Adamczyk:2013up,
      author         = "Adamczyk, L. and others",
      title          = "{System-size dependence of transverse momentum
                        correlations at $\sqrt{s_{NN}}=62.4$ and 200 GeV at the
                        BNL Relativistic Heavy Ion Collider}",
      collaboration  = "STAR",
      journal        = "Phys. Rev.",
      volume         = "C87",
      year           = "2013",
      number         = "6",
      pages          = "064902",
      doi            = "10.1103/PhysRevC.87.064902",
      eprint         = "1301.6633",
      archivePrefix  = "arXiv",
      primaryClass   = "nucl-ex",
      SLACcitation   = "%%CITATION = ARXIV:1301.6633;%%"
}


@article{Adamczyk:2012ey,
      author         = "Adamczyk, L. and others",
      title          = "{$J/\psi$ production at high transverse momenta in $p+p$
                        and Au+Au collisions at $\sqrt{s_{NN}} = 200$ GeV}",
      collaboration  = "STAR",
      journal        = "Phys. Lett.",
      volume         = "B722",
      year           = "2013",
      pages          = "55-62",
      doi            = "10.1016/j.physletb.2013.04.010",
      eprint         = "1208.2736",
      archivePrefix  = "arXiv",
      primaryClass   = "nucl-ex",
      SLACcitation   = "%%CITATION = ARXIV:1208.2736;%%"
}


@article{Adamczyk:2012eoa,
      author         = "Adamczyk, L. and others",
      title          = "{Experimental studies of di-jets in Au + Au collisions
                        using angular correlations with respect to back-to-back
                        leading hadrons}",
      collaboration  = "STAR",
      journal        = "Phys. Rev.",
      volume         = "C87",
      year           = "2013",
      number         = "4",
      pages          = "044903",
      doi            = "10.1103/PhysRevC.87.044903",
      eprint         = "1212.1653",
      archivePrefix  = "arXiv",
      primaryClass   = "nucl-ex",
      SLACcitation   = "%%CITATION = ARXIV:1212.1653;%%"
}


@article{Adamczyk:2013gv,
      author         = "Adamczyk, L. and others",
      title          = "{Observation of an Energy-Dependent Difference in
                        Elliptic Flow between Particles and Antiparticles in
                        Relativistic Heavy Ion Collisions}",
      collaboration  = "STAR",
      journal        = "Phys. Rev. Lett.",
      volume         = "110",
      year           = "2013",
      number         = "14",
      pages          = "142301",
      doi            = "10.1103/PhysRevLett.110.142301",
      eprint         = "1301.2347",
      archivePrefix  = "arXiv",
      primaryClass   = "nucl-ex",
      SLACcitation   = "%%CITATION = ARXIV:1301.2347;%%"
}


@article{Aschenauer:2013woa,
      author         = "Aschenauer, E. C. and others",
      title          = "{The RHIC Spin Program: Achievements and Future
                        Opportunities}",
      year           = "2013",
      eprint         = "1304.0079",
      archivePrefix  = "arXiv",
      primaryClass   = "nucl-ex",
      SLACcitation   = "%%CITATION = ARXIV:1304.0079;%%"
}


@article{Adachi:2012mm,
      author         = "Adachi, I. and others",
      title          = "{Evidence for $B^- \to \tau^- \bar{\nu}_\tau$  with a
                        Hadronic Tagging Method Using the Full Data Sample of
                        Belle}",
      collaboration  = "Belle",
      journal        = "Phys. Rev. Lett.",
      volume         = "110",
      year           = "2013",
      number         = "13",
      pages          = "131801",
      doi            = "10.1103/PhysRevLett.110.131801",
      eprint         = "1208.4678",
      archivePrefix  = "arXiv",
      primaryClass   = "hep-ex",
      reportNumber   = "BELLE-CONF-1201, KEK-PREPRINT-2012-28,
                        BELLE-PREPRINT-2012-26",
      SLACcitation   = "%%CITATION = ARXIV:1208.4678;%%"
}


@article{Adamczyk:2012kn,
      author         = "Adamczyk, L. and others",
      title          = "{Single Spin Asymmetry $A_N$ in Polarized Proton-Proton
                        Elastic Scattering at $\sqrt{s}=200$ GeV}",
      collaboration  = "STAR",
      journal        = "Phys. Lett.",
      volume         = "B719",
      year           = "2013",
      pages          = "62-69",
      doi            = "10.1016/j.physletb.2013.01.014",
      eprint         = "1206.1928",
      archivePrefix  = "arXiv",
      primaryClass   = "nucl-ex",
      SLACcitation   = "%%CITATION = ARXIV:1206.1928;%%"
}


@article{Adare:2012vv,
      author         = "Adare, A. and others",
      title          = "{Double Spin Asymmetry of Electrons from Heavy Flavor
                        Decays in $p+p$ Collisions at $\sqrt{s}=200$ GeV}",
      collaboration  = "PHENIX",
      journal        = "Phys. Rev.",
      volume         = "D87",
      year           = "2013",
      number         = "1",
      pages          = "012011",
      doi            = "10.1103/PhysRevD.87.012011",
      eprint         = "1209.3278",
      archivePrefix  = "arXiv",
      primaryClass   = "hep-ex",
      SLACcitation   = "%%CITATION = ARXIV:1209.3278;%%"
}


@article{Vossen:2012saa,
      author         = "Vossen, Anselm",
      title          = "{Recent results from RHIC spin and BELLE fragmentation
                        function measurements}",
      booktitle      = "{Proceedings, QCD Evolution Workshop (QCD 2012): Newport
                        News, Virginia, USA, May 14-17, 2012}",
      journal        = "Int. J. Mod. Phys. Conf. Ser.",
      volume         = "20",
      year           = "2012",
      pages          = "37-44",
      doi            = "10.1142/S2010194512009075",
      SLACcitation   = "%%CITATION = INSPIRE-1226282;%%"
}


@article{Vossen:2012zz,
      author         = "Vossen, A.",
      title          = "{Interference Fragmentation in SIDIS, p p and e+ e-}",
      booktitle      = "{3rd International Workshop on Transverse Polarization
                        Phenomena in Hard Scattering (Transversity 2011) Veli
                        Lozinj, Croatia, August 29-September 2, 2011}",
      journal        = "Nuovo Cim.",
      volume         = "C035N2",
      year           = "2012",
      pages          = "59-67",
      doi            = "10.1393/ncc/i2012-11194-8",
      SLACcitation   = "%%CITATION = NUCIA,C035N2,59;%%"
}


@inproceedings{Adachi:2012cx,
      author         = "Adachi, I. and others",
      title          = "{Study of Three-Body Y(10860) Decays}",
      collaboration  = "Belle",
      year           = "2012",
      eprint         = "1209.6450",
      archivePrefix  = "arXiv",
      primaryClass   = "hep-ex",
      reportNumber   = "BELLE-CONF-1272",
      SLACcitation   = "%%CITATION = ARXIV:1209.6450;%%"
}


@article{Adare:2012wf,
      author         = "Adare, A. and others",
      title          = "{$J/\psi$ suppression at forward rapidity in Au+Au
                        collisions at $\sqrt{s_{NN}}=39$ and 62.4 GeV}",
      collaboration  = "PHENIX",
      journal        = "Phys. Rev.",
      volume         = "C86",
      year           = "2012",
      pages          = "064901",
      doi            = "10.1103/PhysRevC.86.064901",
      eprint         = "1208.2251",
      archivePrefix  = "arXiv",
      primaryClass   = "nucl-ex",
      SLACcitation   = "%%CITATION = ARXIV:1208.2251;%%"
}


@article{Adachi:2012im,
      author         = "Adachi, I. and others",
      title          = "{Evidence for a Zb0(10610) in Dalitz analysis of Y(5S) -&gt;
                        Y(nS) pi0 pi0}",
      collaboration  = "Belle",
      year           = "2012",
      eprint         = "1207.4345",
      archivePrefix  = "arXiv",
      primaryClass   = "hep-ex",
      reportNumber   = "BELLE-CONF-1271",
      SLACcitation   = "%%CITATION = ARXIV:1207.4345;%%"
}


@article{Adamczyk:2012ku,
      author         = "Adamczyk, L. and others",
      title          = "{Inclusive charged hadron elliptic flow in Au + Au
                        collisions at $\sqrt{s_{NN}}$ = 7.7 - 39 GeV}",
      collaboration  = "STAR",
      journal        = "Phys. Rev.",
      volume         = "C86",
      year           = "2012",
      pages          = "054908",
      doi            = "10.1103/PhysRevC.86.054908",
      eprint         = "1206.5528",
      archivePrefix  = "arXiv",
      primaryClass   = "nucl-ex",
      SLACcitation   = "%%CITATION = ARXIV:1206.5528;%%"
}


@article{Adolph:2012nw,
      author         = "Adolph, C. and others",
      title          = "{Transverse spin effects in hadron-pair production from
                        semi-inclusive deep inelastic scattering}",
      collaboration  = "COMPASS",
      journal        = "Phys. Lett.",
      volume         = "B713",
      year           = "2012",
      pages          = "10-16",
      doi            = "10.1016/j.physletb.2012.05.015",
      eprint         = "1202.6150",
      archivePrefix  = "arXiv",
      primaryClass   = "hep-ex",
      reportNumber   = "CERN-PH-EP-2012-053",
      SLACcitation   = "%%CITATION = ARXIV:1202.6150;%%"
}


@article{Adamczyk:2012xd,
      author         = "Adamczyk, L. and others",
      title          = "{Transverse Single-Spin Asymmetry and Cross-Section for
                        $\pi^0$ and $\eta$ Mesons at Large Feynman-$x$ in
                        Polarized $p+p$ Collisions at $\sqrt{s}=200$ GeV}",
      collaboration  = "STAR",
      journal        = "Phys. Rev.",
      volume         = "D86",
      year           = "2012",
      pages          = "051101",
      doi            = "10.1103/PhysRevD.86.051101",
      eprint         = "1205.6826",
      archivePrefix  = "arXiv",
      primaryClass   = "nucl-ex",
      SLACcitation   = "%%CITATION = ARXIV:1205.6826;%%"
}


@article{Adamczyk:2012qj,
      author         = "Adamczyk, L. and others",
      title          = "{Longitudinal and transverse spin asymmetries for
                        inclusive jet production at mid-rapidity in polarized
                        $p+p$ collisions at $\sqrt{s}=200$ GeV}",
      collaboration  = "STAR",
      journal        = "Phys. Rev.",
      volume         = "D86",
      year           = "2012",
      pages          = "032006",
      doi            = "10.1103/PhysRevD.86.032006",
      eprint         = "1205.2735",
      archivePrefix  = "arXiv",
      primaryClass   = "nucl-ex",
      SLACcitation   = "%%CITATION = ARXIV:1205.2735;%%"
}


@article{Adamczyk:2012af,
      author         = "Adamczyk, L. and others",
      title          = "{Measurements of $D^{0}$ and $D^{*}$ Production in $p+p$
                        Collisions at $\sqrt{s} = 200$ GeV}",
      collaboration  = "STAR",
      journal        = "Phys. Rev.",
      volume         = "D86",
      year           = "2012",
      pages          = "072013",
      doi            = "10.1103/PhysRevD.86.072013",
      eprint         = "1204.4244",
      archivePrefix  = "arXiv",
      primaryClass   = "nucl-ex",
      SLACcitation   = "%%CITATION = ARXIV:1204.4244;%%"
}


@article{Adamczyk:2012yb,
      author         = "Adamczyk, L. and others",
      title          = "{Di-electron spectrum at mid-rapidity in $p+p$ collisions
                        at $\sqrt{s} = 200$ GeV}",
      collaboration  = "STAR",
      journal        = "Phys. Rev.",
      volume         = "C86",
      year           = "2012",
      pages          = "024906",
      doi            = "10.1103/PhysRevC.86.024906",
      eprint         = "1204.1890",
      archivePrefix  = "arXiv",
      primaryClass   = "nucl-ex",
      SLACcitation   = "%%CITATION = ARXIV:1204.1890;%%"
}


@article{Adare:2012uk,
      author         = "Adare, A. and others",
      title          = "{Evolution of $\pi^0$ suppression in Au+Au collisions
                        from $\sqrt{s_{NN}} = 39$ to 200 GeV}",
      collaboration  = "PHENIX",
      journal        = "Phys. Rev. Lett.",
      volume         = "109",
      year           = "2012",
      pages          = "152301",
      doi            = "10.1103/PhysRevLett.109.152301",
      eprint         = "1204.1526",
      archivePrefix  = "arXiv",
      primaryClass   = "nucl-ex",
      SLACcitation   = "%%CITATION = ARXIV:1204.1526;%%"
}


@article{Belle:2012aa,
      author         = "Li, J. and others",
      title          = "{First observation of $B_s^0\to J/\psi\eta$ and $B_s^0\to
                        J/\psi\eta'$}",
      collaboration  = "Belle",
      journal        = "Phys. Rev. Lett.",
      volume         = "108",
      year           = "2012",
      pages          = "181808",
      doi            = "10.1103/PhysRevLett.108.181808",
      eprint         = "1202.0103",
      archivePrefix  = "arXiv",
      primaryClass   = "hep-ex",
      reportNumber   = "BELLE-PREPRINT-2012-4, KEK-PREPRINT-2011-26",
      SLACcitation   = "%%CITATION = ARXIV:1202.0103;%%"
}


@article{Adamczyk:2011aa,
      author         = "Adamczyk, L. and others",
      title          = "{Directed Flow of Identified Particles in Au + Au
                        Collisions at $\sqrt{s{_NN}} = 200$ GeV at RHIC}",
      collaboration  = "STAR",
      journal        = "Phys. Rev. Lett.",
      volume         = "108",
      year           = "2012",
      pages          = "202301",
      doi            = "10.1103/PhysRevLett.108.202301",
      eprint         = "1112.3930",
      archivePrefix  = "arXiv",
      primaryClass   = "nucl-ex",
      SLACcitation   = "%%CITATION = ARXIV:1112.3930;%%"
}


@article{STAR:2011aa,
      author         = "Adamczyk, L. and others",
      title          = "{Measurement of the $W \to e \nu$ and $Z/\gamma^* \to
                        e^+e^-$ Production Cross Sections at Mid-rapidity in
                        Proton-Proton Collisions at $\sqrt{s}$ = 500 GeV}",
      collaboration  = "STAR",
      journal        = "Phys. Rev.",
      volume         = "D85",
      year           = "2012",
      pages          = "092010",
      doi            = "10.1103/PhysRevD.85.092010",
      eprint         = "1112.2980",
      archivePrefix  = "arXiv",
      primaryClass   = "hep-ex",
      SLACcitation   = "%%CITATION = ARXIV:1112.2980;%%"
}


@article{Seidl:2011zz,
      author         = "Seidl, Ralf and Vossen, Anselm and Leitgab, Martin and
                        Grosse Perdekamp, Matthias and Ogawa, Akio and Giordano,
                        Francesca",
      title          = "{Fragmentation function measurements at Belle}",
      booktitle      = "{Proceedings, 8th Circum-Pan-Pacific Symposium on High
                        Energy Spin Physics (PacSPIN2011): Cairns, Australia, June
                        20-24, 2011}",
      journal        = "AIP Conf. Proc.",
      volume         = "1418",
      year           = "2011",
      number         = "1",
      pages          = "51-55",
      doi            = "10.1063/1.3667303",
      SLACcitation   = "%%CITATION = APCPC,1418,51;%%"
}


@article{Vinokurova:2011dy,
      author         = "Vinokurova, A. and others",
      title          = "{Study of $B^{\pm}\to K^{\pm}(K_{S}K\pi)^0$ decay and
                        determination of $\eta_c$ and $\eta_{c}(2S)$ parameters}",
      collaboration  = "Belle",
      journal        = "Phys. Lett.",
      volume         = "B706",
      year           = "2011",
      pages          = "139-149",
      doi            = "10.1016/j.physletb.2011.11.014",
      eprint         = "1105.0978",
      archivePrefix  = "arXiv",
      primaryClass   = "hep-ex",
      reportNumber   = "BELLE-PREPRINT-2011-2, KEK-PREPRINT-2010-50",
      SLACcitation   = "%%CITATION = ARXIV:1105.0978;%%"
}


@article{Agakishiev:2011st,
      author         = "Agakishiev, G. and others",
      title          = "{System size and energy dependence of near-side di-hadron
                        correlations}",
      collaboration  = "STAR",
      journal        = "Phys. Rev.",
      volume         = "C85",
      year           = "2012",
      pages          = "014903",
      doi            = "10.1103/PhysRevC.85.014903",
      eprint         = "1110.5800",
      archivePrefix  = "arXiv",
      primaryClass   = "nucl-ex",
      SLACcitation   = "%%CITATION = ARXIV:1110.5800;%%"
}


@article{Staric:2011en,
      author         = "Staric, M. and others",
      title          = "{Search for CP Violation in $D^\pm$ Meson Decays to $\phi
                        \pi^\pm$}",
      collaboration  = "Belle",
      journal        = "Phys. Rev. Lett.",
      volume         = "108",
      year           = "2012",
      pages          = "071801",
      doi            = "10.1103/PhysRevLett.108.071801",
      eprint         = "1110.0694",
      archivePrefix  = "arXiv",
      primaryClass   = "hep-ex",
      reportNumber   = "BELLE-PREPRINT-2015-12, KEK-PREPRINT-2011-19,
                        BELLE-PREPRINT-#-2011-15, KEK-PREPRINT-#-2011-19",
      SLACcitation   = "%%CITATION = ARXIV:1110.0694;%%"
}


@article{Boer:2011fh,
      author         = "Boer, Daniel and others",
      title          = "{Gluons and the quark sea at high energies:
                        Distributions, polarization, tomography}",
      year           = "2011",
      eprint         = "1108.1713",
      archivePrefix  = "arXiv",
      primaryClass   = "nucl-th",
      reportNumber   = "SLAC-R-995, INT-PUB-11-034, BNL-96164-2011,
                        JLAB-THY-11-1373",
      SLACcitation   = "%%CITATION = ARXIV:1108.1713;%%"
}


@article{Bhardwaj:2011dj,
      author         = "Bhardwaj, V. and others",
      title          = "{Observation of $X(3872)\to J/\psi \gamma$ and search for
                        $X(3872)\to\psi'\gamma$ in B decays}",
      collaboration  = "Belle",
      journal        = "Phys. Rev. Lett.",
      volume         = "107",
      year           = "2011",
      pages          = "091803",
      doi            = "10.1103/PhysRevLett.107.091803",
      eprint         = "1105.0177",
      archivePrefix  = "arXiv",
      primaryClass   = "hep-ex",
      SLACcitation   = "%%CITATION = ARXIV:1105.0177;%%"
}


@article{Vossen:2011fk,
      author         = "Vossen, A. and others",
      title          = "{Observation of transverse polarization asymmetries of
                        charged pion pairs in $e^+e^-$ annihilation near
                        $\sqrt{s}=10.58$ GeV}",
      collaboration  = "Belle",
      journal        = "Phys. Rev. Lett.",
      volume         = "107",
      year           = "2011",
      pages          = "072004",
      doi            = "10.1103/PhysRevLett.107.072004",
      eprint         = "1104.2425",
      archivePrefix  = "arXiv",
      primaryClass   = "hep-ex",
      reportNumber   = "BELLE-DRAFT-2011-5, KEK-PREPRINT-2010-53",
      SLACcitation   = "%%CITATION = ARXIV:1104.2425;%%"
}


@article{Adachi:2011ji,
      author         = "Adachi, I. and others",
      title          = "{First observation of the $P$-wave spin-singlet
                        bottomonium states $h_b(1P)$ and $h_b(2P)$}",
      collaboration  = "Belle",
      journal        = "Phys. Rev. Lett.",
      volume         = "108",
      year           = "2012",
      pages          = "032001",
      doi            = "10.1103/PhysRevLett.108.032001",
      eprint         = "1103.3419",
      archivePrefix  = "arXiv",
      primaryClass   = "hep-ex",
      SLACcitation   = "%%CITATION = ARXIV:1103.3419;%%"
}


@article{Belle:2011ac,
      author         = "Horii, Y. and others",
      title          = "{Evidence for the Suppressed Decay B- -&gt; DK-, D -&gt;
                        K+pi-}",
      collaboration  = "Belle",
      journal        = "Phys. Rev. Lett.",
      volume         = "106",
      year           = "2011",
      pages          = "231803",
      doi            = "10.1103/PhysRevLett.106.231803",
      eprint         = "1103.5951",
      archivePrefix  = "arXiv",
      primaryClass   = "hep-ex",
      reportNumber   = "BELLE-PREPRINT-2011-4, KEK-PREPRINT-2010-52",
      SLACcitation   = "%%CITATION = ARXIV:1103.5951;%%"
}


@article{Li:2011pg,
      author         = "Li, J. and others",
      title          = "{Observation of $B_s^0\to J/\psi f_0(980)$ and Evidence
                        for $B_s^0\to J/\psi f_0(1370)$}",
      collaboration  = "Belle",
      journal        = "Phys. Rev. Lett.",
      volume         = "106",
      year           = "2011",
      pages          = "121802",
      doi            = "10.1103/PhysRevLett.106.121802",
      eprint         = "1102.2759",
      archivePrefix  = "arXiv",
      primaryClass   = "hep-ex",
      SLACcitation   = "%%CITATION = ARXIV:1102.2759;%%"
}


@article{Belle:2011ad,
      author         = "Aushev, T. and others",
      title          = "{Study of the decays $B -&gt; D_{s1}(2536)^+
                        \bar{D}^{(*)}$}",
      collaboration  = "Belle",
      journal        = "Phys. Rev.",
      volume         = "D83",
      year           = "2011",
      pages          = "051102",
      doi            = "10.1103/PhysRevD.83.059902, 10.1103/PhysRevD.83.051102",
      eprint         = "1102.0935",
      archivePrefix  = "arXiv",
      primaryClass   = "hep-ex",
      SLACcitation   = "%%CITATION = ARXIV:1102.0935;%%"
}


@article{Bischofberger:2011pw,
      author         = "Bischofberger, M. and others",
      title          = "{Search for CP violation in $\tau \to K^0_S \pi \nu_\tau$
                        decays at Belle}",
      collaboration  = "Belle",
      journal        = "Phys. Rev. Lett.",
      volume         = "107",
      year           = "2011",
      pages          = "131801",
      doi            = "10.1103/PhysRevLett.107.131801",
      eprint         = "1101.0349",
      archivePrefix  = "arXiv",
      primaryClass   = "hep-ex",
      reportNumber   = "BELLE-PREPRINT-2010-27",
      SLACcitation   = "%%CITATION = ARXIV:1101.0349;%%"
}


@article{Miyazaki:2011xe,
      author         = "Miyazaki, Y. and others",
      title          = "{Search for Lepton-Flavor-Violating tau Decays into a
                        Lepton and a Vector Meson}",
      collaboration  = "Belle",
      journal        = "Phys. Lett.",
      volume         = "B699",
      year           = "2011",
      pages          = "251-257",
      doi            = "10.1016/j.physletb.2011.04.011",
      eprint         = "1101.0755",
      archivePrefix  = "arXiv",
      primaryClass   = "hep-ex",
      reportNumber   = "KEK-PREPRINT-2010-42, BELLE-PREPRINT-2010-24,
                        NTLP-PREPRINT-2010-05, NTLP-PREPRINT-2010-06",
      SLACcitation   = "%%CITATION = ARXIV:1101.0755;%%"
}


@inproceedings{Bischofberger:2011pwc,
      author         = "Bischofberger, M. and others",
      title          = "{Search for CP violation in $\tau \to K^0_S \pi \nu_\tau$
                        decays at Belle}",
      booktitle      = "{Tau lepton physics. Proceedings, 11th International
                        Workshop, TAU 2010, Manchester, UK, September 13-17,
                        2010}",
      collaboration  = "Belle",
      year           = "2011",
      SLACcitation   = "%%CITATION = INSPIRE-1264205;%%"
}


@article{Vossen:2010zz,
      author         = "Vossen, Anselm",
      title          = "{Future PHENIX calorimetry and trigger upgrades}",
      journal        = "PoS",
      volume         = "DIS2010",
      year           = "2010",
      pages          = "281",
      doi            = "10.22323/1.106.0281",
      SLACcitation   = "%%CITATION = POSCI,DIS2010,281;%%"
}


@article{Alekseev:2010dm,
      author         = "Alekseev, M. G. and others",
      title          = "{Azimuthal asymmetries of charged hadrons produced by
                        high-energy muons scattered off longitudinally polarised
                        deuterons}",
      collaboration  = "COMPASS",
      journal        = "Eur. Phys. J.",
      volume         = "C70",
      year           = "2010",
      pages          = "39-49",
      doi            = "10.1140/epjc/s10052-010-1461-9",
      eprint         = "1007.1562",
      archivePrefix  = "arXiv",
      primaryClass   = "hep-ex",
      reportNumber   = "CERN-PH-EP-2010-018",
      SLACcitation   = "%%CITATION = ARXIV:1007.1562;%%"
}


@article{Ha:2010rf,
      author         = "Ha, H. and others",
      title          = "{Measurement of the decay $B^0\to\pi^-\ell^+\nu$ and
                        determination of $|V_{ub}|$}",
      collaboration  = "Belle",
      journal        = "Phys. Rev.",
      volume         = "D83",
      year           = "2011",
      pages          = "071101",
      doi            = "10.1103/PhysRevD.83.071101",
      eprint         = "1012.0090",
      archivePrefix  = "arXiv",
      primaryClass   = "hep-ex",
      reportNumber   = "BELLE-PREPRINT-2010-22, KEK-PREPRINT-2010-37",
      SLACcitation   = "%%CITATION = ARXIV:1012.0090;%%"
}


@article{Pakhlova:2010ek,
      author         = "Pakhlova, G. and others",
      title          = "{Measurement of $e^+e^-\to D_s^{(*)+} D_s^{(*)-}$ cross
                        sections near threshold using initial-state radiation}",
      collaboration  = "Belle",
      journal        = "Phys. Rev.",
      volume         = "D83",
      year           = "2011",
      pages          = "011101",
      doi            = "10.1103/PhysRevD.83.011101",
      eprint         = "1011.4397",
      archivePrefix  = "arXiv",
      primaryClass   = "hep-ex",
      SLACcitation   = "%%CITATION = ARXIV:1011.4397;%%"
}


@article{Adare:2010fn,
      author         = "Adare, A. and others",
      title          = "{Cold Nuclear Matter Effects on $J/\psi$ Yields as a
                        Function of Rapidity and Nuclear Geometry in Deuteron-Gold
                        Collisions at $\sqrt{s_{NN}}=200$ GeV}",
      collaboration  = "PHENIX",
      journal        = "Phys. Rev. Lett.",
      volume         = "107",
      year           = "2011",
      pages          = "142301",
      doi            = "10.1103/PhysRevLett.107.142301",
      eprint         = "1010.1246",
      archivePrefix  = "arXiv",
      primaryClass   = "nucl-ex",
      SLACcitation   = "%%CITATION = ARXIV:1010.1246;%%"
}


@article{Adare:2010xa,
      author         = "Adare, A. and others",
      title          = "{Cross Section and Parity Violating Spin Asymmetries of
                        $W^\pm$ Boson Production in Polarized $p+p$ Collisions at
                        $\sqrt{s}=500$ GeV}",
      collaboration  = "PHENIX",
      journal        = "Phys. Rev. Lett.",
      volume         = "106",
      year           = "2011",
      pages          = "062001",
      doi            = "10.1103/PhysRevLett.106.062001",
      eprint         = "1009.0505",
      archivePrefix  = "arXiv",
      primaryClass   = "hep-ex",
      SLACcitation   = "%%CITATION = ARXIV:1009.0505;%%"
}


@article{Alekseev:2010ub,
      author         = "Alekseev, M. G. and others",
      title          = "{Quark helicity distributions from longitudinal spin
                        asymmetries in muon-proton and muon-deuteron scattering}",
      collaboration  = "COMPASS",
      journal        = "Phys. Lett.",
      volume         = "B693",
      year           = "2010",
      pages          = "227-235",
      doi            = "10.1016/j.physletb.2010.08.034",
      eprint         = "1007.4061",
      archivePrefix  = "arXiv",
      primaryClass   = "hep-ex",
      reportNumber   = "CERN-PH-EP-2010-023",
      SLACcitation   = "%%CITATION = ARXIV:1007.4061;%%"
}


@article{Alekseev:2010rw,
      author         = "Alekseev, M. G. and others",
      title          = "{Measurement of the Collins and Sivers asymmetries on
                        transversely polarised protons}",
      collaboration  = "COMPASS",
      journal        = "Phys. Lett.",
      volume         = "B692",
      year           = "2010",
      pages          = "240-246",
      doi            = "10.1016/j.physletb.2010.08.001",
      eprint         = "1005.5609",
      archivePrefix  = "arXiv",
      primaryClass   = "hep-ex",
      reportNumber   = "CERN-PH-EP-2010-013",
      SLACcitation   = "%%CITATION = ARXIV:1005.5609;%%"
}


@article{Alekseev:2010hc,
      author         = "Alekseev, M. G. and others",
      title          = "{The Spin-dependent Structure Function of the Proton
                        g_1^p and a Test of the Bjorken Sum Rule}",
      collaboration  = "COMPASS",
      journal        = "Phys. Lett.",
      volume         = "B690",
      year           = "2010",
      pages          = "466-472",
      doi            = "10.1016/j.physletb.2010.05.069",
      eprint         = "1001.4654",
      archivePrefix  = "arXiv",
      primaryClass   = "hep-ex",
      reportNumber   = "CERN-PH-EP-2010-001",
      SLACcitation   = "%%CITATION = ARXIV:1001.4654;%%"
}


@article{Alekseev:2009ab,
      author         = "Alekseev, M. and others",
      title          = "{Measurement of the Longitudinal Spin Transfer to Lambda
                        and Anti-Lambda Hyperons in Polarised Muon DIS}",
      collaboration  = "COMPASS",
      journal        = "Eur. Phys. J.",
      volume         = "C64",
      year           = "2009",
      pages          = "171-179",
      doi            = "10.1140/epjc/s10052-009-1143-7",
      eprint         = "0907.0388",
      archivePrefix  = "arXiv",
      primaryClass   = "hep-ex",
      reportNumber   = "CERN-PH-EP-2009-011",
      SLACcitation   = "%%CITATION = ARXIV:0907.0388;%%"
}


@inproceedings{Vossen:2009xz,
      author         = "Vossen, Anselm and Seidl, Ralf and Grosse-Perdekamp,
                        Matthias and Leitgab, Martin and Ogawa, Akio and Boyle,
                        Kieran",
      title          = "{First Measurement of the Interference Fragmentation
                        Function in e+ e- at Belle}",
      booktitle      = "{Proceedings, XIII Workshop on High Energy Spin Physics
                        (DSPIN-09): Dubna, Russia, September 1-5, 2009}",
      year           = "2009",
      eprint         = "0912.0353",
      archivePrefix  = "arXiv",
      primaryClass   = "hep-ex",
      SLACcitation   = "%%CITATION = ARXIV:0912.0353;%%"
}


@article{Alekseev:2009aa,
      author         = "Alekseev, M. and others",
      title          = "{Observation of a J**PC = 1-+ exotic resonance in
                        diffractive dissociation of 190-GeV/c pi- into pi- pi-
                        pi+}",
      collaboration  = "COMPASS",
      journal        = "Phys. Rev. Lett.",
      volume         = "104",
      year           = "2010",
      pages          = "241803",
      doi            = "10.1103/PhysRevLett.104.241803",
      eprint         = "0910.5842",
      archivePrefix  = "arXiv",
      primaryClass   = "hep-ex",
      reportNumber   = "CERN-PH-EP-2009-018",
      SLACcitation   = "%%CITATION = ARXIV:0910.5842;%%"
}


@article{Vossen:2009zz,
      author         = "Vossen, Anselm and Grosse Perdekamp, Matthias and
                        Leitgab, Martin and Seidl, Ralf and Ogawa, Akio and Boyle,
                        Kieran",
      title          = "{Measurement of transverse spin dependent fragmentation
                        functions at Belle}",
      booktitle      = "{Proceedings, 18th International Spin Physics Symposium
                        (SPIN 2008): Charlottesville, USA, October 6-11, 2008}",
      journal        = "AIP Conf. Proc.",
      volume         = "1149",
      year           = "2009",
      number         = "1",
      pages          = "433-438",
      doi            = "10.1063/1.3215683",
      SLACcitation   = "%%CITATION = APCPC,1149,433;%%"
}


@article{Alekseev:2009ac,
      author         = "Alekseev, M. and others",
      title          = "{Flavour Separation of Helicity Distributions from Deep
                        Inelastic Muon-Deuteron Scattering}",
      collaboration  = "COMPASS",
      journal        = "Phys. Lett.",
      volume         = "B680",
      year           = "2009",
      pages          = "217-224",
      doi            = "10.1016/j.physletb.2009.08.065",
      eprint         = "0905.2828",
      archivePrefix  = "arXiv",
      primaryClass   = "hep-ex",
      reportNumber   = "CERN-PH-EP-2009-008",
      SLACcitation   = "%%CITATION = ARXIV:0905.2828;%%"
}


@article{Alekseev:2009ad,
      author         = "Alekseev, M. and others",
      title          = "{Gluon polarisation in the nucleon and longitudinal
                        double spin asymmetries from open charm muoproduction}",
      collaboration  = "COMPASS",
      journal        = "Phys. Lett.",
      volume         = "B676",
      year           = "2009",
      pages          = "31-38",
      doi            = "10.1016/j.physletb.2009.04.059",
      eprint         = "0904.3209",
      archivePrefix  = "arXiv",
      primaryClass   = "hep-ex",
      SLACcitation   = "%%CITATION = ARXIV:0904.3209;%%"
}

